
  <record>
    <leader>01000aam  22002601a 4500</leader>
    <controlfield tag="001">YPZ4564</controlfield>
    <controlfield tag="003">YPZ</controlfield>
    <controlfield tag="005">200507270000000</controlfield>
    <controlfield tag="008">050727|###########||||||b||||||||||spa|d</controlfield>
    <datafield tag="020" ind1=" " ind2=" ">
      <subfield code="a">9701008901</subfield>
    </datafield>
    <datafield tag="040" ind1=" " ind2=" ">
      <subfield code="c">SIUNPA</subfield>
    </datafield>
    <datafield tag="041" ind1=" " ind2=" ">
      <subfield code="a">spa</subfield>
    </datafield>
    <datafield tag="044" ind1=" " ind2=" ">
      <subfield code="a">MX</subfield>
    </datafield>
    <datafield tag="080" ind1=" " ind2=" ">
      <subfield code="a">512.64 G878a5</subfield>
    </datafield>
    <datafield tag="100" ind1=" " ind2=" ">
      <subfield code="a">Grossman, Stanley I..</subfield>
    </datafield>
    <datafield tag="245" ind1=" " ind2=" ">
      <subfield code="a">Álgebra lineal</subfield>
      <subfield code="b"> : quinta edición</subfield>
      <subfield code="c"> / González Osuna, Marcia Aída, tr. ; Piña Soto, Fernando, rev. técnica</subfield>
    </datafield>
    <datafield tag="250" ind1=" " ind2=" ">
      <subfield code="a">5a ed.</subfield>
    </datafield>
    <datafield tag="260" ind1=" " ind2=" ">
      <subfield code="a">México, D.F.</subfield>
      <subfield code="b"> : McGraw-Hill</subfield>
      <subfield code="c"> , 1996</subfield>
    </datafield>
    <datafield tag="650" ind1=" " ind2=" ">
      <subfield code="a"> ALGEBRA LINEAL  TRANSFORMACIONES LINEALES</subfield>
    </datafield>
    <datafield tag="650" ind1=" " ind2=" ">
      <subfield code="a"> ECUACIONES LINEALES</subfield>
    </datafield>
    <datafield tag="650" ind1=" " ind2=" ">
      <subfield code="a"> MATRICES (MATEMATICAS)</subfield>
    </datafield>
    <datafield tag="650" ind1=" " ind2=" ">
      <subfield code="a"> DETERMINANTES (ECUACIONES)</subfield>
    </datafield>
    <datafield tag="650" ind1=" " ind2=" ">
      <subfield code="a"> VECTORES (MATEMATICAS)</subfield>
    </datafield>
    <datafield tag="942" ind1=" " ind2=" ">
      <subfield code="c">BK</subfield>
    </datafield>
    <datafield tag="952" ind1=" " ind2=" ">
      <subfield code="a">BIB_RECT</subfield>
      <subfield code="b">BIB_UACO</subfield>
      <subfield code="d">1998-08-12</subfield>
      <subfield code="y">BK</subfield>
      <subfield code="p">02-04481</subfield>
      <subfield code="i">02-04481</subfield>
      <subfield code="g">48</subfield>
      <subfield code="o">512.64 G878a5</subfield>
      <subfield code="e">Fomec 585</subfield>
      <subfield code="8">CG</subfield>
    </datafield>
    <datafield tag="952" ind1=" " ind2=" ">
      <subfield code="a">BIB_RECT</subfield>
      <subfield code="b">BIB_UACO</subfield>
      <subfield code="d">1998-08-12</subfield>
      <subfield code="y">BK</subfield>
      <subfield code="p">02-04482</subfield>
      <subfield code="i">02-04482</subfield>
      <subfield code="g">48</subfield>
      <subfield code="o">512.64 G878a5</subfield>
      <subfield code="e">Fomec 585</subfield>
      <subfield code="8">CG</subfield>
    </datafield>
    <datafield tag="952" ind1=" " ind2=" ">
      <subfield code="a">BIB_RECT</subfield>
      <subfield code="b">BIB_UACO</subfield>
      <subfield code="d">2012-12-18</subfield>
      <subfield code="y">BK</subfield>
      <subfield code="p">02-04483</subfield>
      <subfield code="i">02-04483</subfield>
      <subfield code="g">48</subfield>
      <subfield code="o">512.64 G878a5</subfield>
      <subfield code="e">Fomec 585</subfield>
      <subfield code="8">CG</subfield>
    </datafield>
    <datafield tag="952" ind1=" " ind2=" ">
      <subfield code="a">BIB_RECT</subfield>
      <subfield code="b">BIB_UACO</subfield>
      <subfield code="d">2006-12-21</subfield>
      <subfield code="y">BK</subfield>
      <subfield code="p">02-04484</subfield>
      <subfield code="i">02-04484</subfield>
      <subfield code="g">48</subfield>
      <subfield code="o">512.64 G878a5</subfield>
      <subfield code="e">MigracionUACO</subfield>
      <subfield code="8">CG</subfield>
    </datafield>
    <datafield tag="952" ind1=" " ind2=" ">
      <subfield code="a">BIB_RECT</subfield>
      <subfield code="b">BIB_UACO</subfield>
      <subfield code="d">2000-10-24</subfield>
      <subfield code="y">BK</subfield>
      <subfield code="p">02-06647</subfield>
      <subfield code="i">02-06647</subfield>
      <subfield code="g">48</subfield>
      <subfield code="o">512.64 G878a5</subfield>
      <subfield code="e">SIUNPA</subfield>
      <subfield code="8">CG</subfield>
    </datafield>
    <datafield tag="952" ind1=" " ind2=" ">
      <subfield code="a">BIB_RECT</subfield>
      <subfield code="b">BIB_UACO</subfield>
      <subfield code="d">2001-09-05</subfield>
      <subfield code="y">BK</subfield>
      <subfield code="p">02-07438</subfield>
      <subfield code="i">02-07438</subfield>
      <subfield code="g">48</subfield>
      <subfield code="o">512.64 G878a5</subfield>
      <subfield code="e">SIUNPA</subfield>
      <subfield code="8">CG</subfield>
    </datafield>
    <datafield tag="952" ind1=" " ind2=" ">
      <subfield code="a">BIB_RECT</subfield>
      <subfield code="b">BIB_UACO</subfield>
      <subfield code="d">2001-09-05</subfield>
      <subfield code="y">BK</subfield>
      <subfield code="p">02-07439</subfield>
      <subfield code="i">02-07439</subfield>
      <subfield code="g">48</subfield>
      <subfield code="o">512.64 G878a5</subfield>
      <subfield code="e">SIUNPA</subfield>
      <subfield code="8">CG</subfield>
    </datafield>
    <datafield tag="952" ind1=" " ind2=" ">
      <subfield code="a">BIB_RECT</subfield>
      <subfield code="b">BIB_UACO</subfield>
      <subfield code="d">2001-09-05</subfield>
      <subfield code="y">BK</subfield>
      <subfield code="p">02-07440</subfield>
      <subfield code="i">02-07440</subfield>
      <subfield code="g">48</subfield>
      <subfield code="o">512.64 G878a5</subfield>
      <subfield code="e">SIUNPA</subfield>
      <subfield code="8">CG</subfield>
    </datafield>
    <datafield tag="952" ind1=" " ind2=" ">
      <subfield code="a">BIB_RECT</subfield>
      <subfield code="b">BIB_UACO</subfield>
      <subfield code="d">2001-09-05</subfield>
      <subfield code="y">BK</subfield>
      <subfield code="p">02-07441</subfield>
      <subfield code="i">02-07441</subfield>
      <subfield code="g">48</subfield>
      <subfield code="o">512.64 G878a5</subfield>
      <subfield code="e">SIUNPA</subfield>
      <subfield code="8">CG</subfield>
    </datafield>
    <datafield tag="952" ind1=" " ind2=" ">
      <subfield code="a">BIB_RECT</subfield>
      <subfield code="b">BIB_UACO</subfield>
      <subfield code="d">2001-09-05</subfield>
      <subfield code="y">BK</subfield>
      <subfield code="p">02-07442</subfield>
      <subfield code="i">02-07442</subfield>
      <subfield code="g">48</subfield>
      <subfield code="o">512.64 G878a5</subfield>
      <subfield code="e">SIUNPA</subfield>
      <subfield code="8">CG</subfield>
    </datafield>
    <datafield tag="952" ind1=" " ind2=" ">
      <subfield code="a">BIB_RECT</subfield>
      <subfield code="b">BIB_UART</subfield>
      <subfield code="d">2007-09-05</subfield>
      <subfield code="y">BK</subfield>
      <subfield code="p">03-33211</subfield>
      <subfield code="i">03-33211</subfield>
      <subfield code="g">68</subfield>
      <subfield code="o">512.64 G878a5</subfield>
      <subfield code="e">SIUNPA</subfield>
      <subfield code="8">CG</subfield>
    </datafield>
    <datafield tag="952" ind1=" " ind2=" ">
      <subfield code="a">BIB_RECT</subfield>
      <subfield code="b">BIB_UART</subfield>
      <subfield code="d">2007-09-05</subfield>
      <subfield code="y">BK</subfield>
      <subfield code="p">03-33212</subfield>
      <subfield code="i">03-33212</subfield>
      <subfield code="g">68</subfield>
      <subfield code="o">512.64 G878a5</subfield>
      <subfield code="e">SIUNPA</subfield>
      <subfield code="8">CG</subfield>
    </datafield>
    <datafield tag="952" ind1=" " ind2=" ">
      <subfield code="a">BIB_RECT</subfield>
      <subfield code="b">BIB_UART</subfield>
      <subfield code="d">2007-09-05</subfield>
      <subfield code="y">BK</subfield>
      <subfield code="p">03-33213</subfield>
      <subfield code="i">03-33213</subfield>
      <subfield code="g">68</subfield>
      <subfield code="o">512.64 G878a5</subfield>
      <subfield code="e">SIUNPA</subfield>
      <subfield code="8">CG</subfield>
    </datafield>
    <datafield tag="952" ind1=" " ind2=" ">
      <subfield code="a">BIB_RECT</subfield>
      <subfield code="b">BIB_UART</subfield>
      <subfield code="d">2007-09-05</subfield>
      <subfield code="y">BK</subfield>
      <subfield code="p">03-33214</subfield>
      <subfield code="i">03-33214</subfield>
      <subfield code="g">68</subfield>
      <subfield code="o">512.64 G878a5</subfield>
      <subfield code="e">SIUNPA</subfield>
      <subfield code="8">CG</subfield>
    </datafield>
    <datafield tag="952" ind1=" " ind2=" ">
      <subfield code="a">BIB_RECT</subfield>
      <subfield code="b">BIB_UART</subfield>
      <subfield code="d">2007-09-05</subfield>
      <subfield code="y">BK</subfield>
      <subfield code="p">03-33215</subfield>
      <subfield code="i">03-33215</subfield>
      <subfield code="g">68</subfield>
      <subfield code="o">512.64 G878a5</subfield>
      <subfield code="e">SIUNPA</subfield>
      <subfield code="8">CG</subfield>
    </datafield>
    <datafield tag="952" ind1=" " ind2=" ">
      <subfield code="a">BIB_RECT</subfield>
      <subfield code="b">BIB_UARG</subfield>
      <subfield code="d">2006-08-28</subfield>
      <subfield code="y">BK</subfield>
      <subfield code="p">05-09849</subfield>
      <subfield code="i">05-09849</subfield>
      <subfield code="g"/>
      <subfield code="o">512.64 G878a5</subfield>
      <subfield code="e"/>
      <subfield code="8">CG</subfield>
    </datafield>
    <datafield tag="952" ind1=" " ind2=" ">
      <subfield code="a">BIB_RECT</subfield>
      <subfield code="b">BIB_UARG</subfield>
      <subfield code="d">2006-08-28</subfield>
      <subfield code="y">BK</subfield>
      <subfield code="p">05-09850</subfield>
      <subfield code="i">05-09850</subfield>
      <subfield code="g">0</subfield>
      <subfield code="o">512.64 G878a5</subfield>
      <subfield code="e"/>
      <subfield code="8">CG</subfield>
    </datafield>
    <datafield tag="952" ind1=" " ind2=" ">
      <subfield code="a">BIB_RECT</subfield>
      <subfield code="b">SAT_TRUN</subfield>
      <subfield code="d">2007-03-27</subfield>
      <subfield code="y">BK</subfield>
      <subfield code="p">10-31687</subfield>
      <subfield code="i">10-31687</subfield>
      <subfield code="g">60</subfield>
      <subfield code="o">512.64 G878a5</subfield>
      <subfield code="e">SIUNPA</subfield>
      <subfield code="8">CG</subfield>
    </datafield>
    <datafield tag="952" ind1=" " ind2=" ">
      <subfield code="a">BIB_RECT</subfield>
      <subfield code="b">SAT_USHU</subfield>
      <subfield code="d">2005-08-23</subfield>
      <subfield code="y">BK</subfield>
      <subfield code="p">19-28326</subfield>
      <subfield code="i">19-28326</subfield>
      <subfield code="g">55</subfield>
      <subfield code="o">512.64 G878a5</subfield>
      <subfield code="e">SIUNPA</subfield>
      <subfield code="8">CG</subfield>
    </datafield>
  </record>