
  <record>
    <leader>01000aam  22002601a 4500</leader>
    <controlfield tag="001">YPZ4648</controlfield>
    <controlfield tag="003">YPZ</controlfield>
    <controlfield tag="005">200404290000000</controlfield>
    <controlfield tag="008">040429|###########||||||b||||||||||spa|d</controlfield>
    <datafield tag="020" ind1=" " ind2=" ">
      <subfield code="a">9701703995</subfield>
    </datafield>
    <datafield tag="040" ind1=" " ind2=" ">
      <subfield code="c">SIUNPA</subfield>
    </datafield>
    <datafield tag="041" ind1=" " ind2=" ">
      <subfield code="a">spa</subfield>
    </datafield>
    <datafield tag="044" ind1=" " ind2=" ">
      <subfield code="a">MX</subfield>
    </datafield>
    <datafield tag="080" ind1=" " ind2=" ">
      <subfield code="a">004.2 T164o4</subfield>
    </datafield>
    <datafield tag="100" ind1=" " ind2=" ">
      <subfield code="a">Tanenbaum, Andrew S..</subfield>
    </datafield>
    <datafield tag="700" ind1=" " ind2=" ">
      <subfield code="a">Goodman, James R., colaborador.</subfield>
    </datafield>
    <datafield tag="245" ind1=" " ind2=" ">
      <subfield code="a">Organización de computadoras</subfield>
      <subfield code="b"> : un enfoque estructurado. Cuarta edición</subfield>
      <subfield code="c"> / Escalona García, Roberto, tr. ; Corral López, Alma, rev. técnica</subfield>
    </datafield>
    <datafield tag="250" ind1=" " ind2=" ">
      <subfield code="a">7a ed.</subfield>
    </datafield>
    <datafield tag="260" ind1=" " ind2=" ">
      <subfield code="a">México, D.F.</subfield>
      <subfield code="b"> : Prentice Hall</subfield>
      <subfield code="c"> , 2000</subfield>
    </datafield>
    <datafield tag="650" ind1=" " ind2=" ">
      <subfield code="a"> ARQUITECTURA DE COMPUTADORAS</subfield>
    </datafield>
    <datafield tag="650" ind1=" " ind2=" ">
      <subfield code="a"> HARDWARE</subfield>
    </datafield>
    <datafield tag="650" ind1=" " ind2=" ">
      <subfield code="a"> PERIFERICOS</subfield>
    </datafield>
    <datafield tag="942" ind1=" " ind2=" ">
      <subfield code="c">BK</subfield>
    </datafield>
    <datafield tag="952" ind1=" " ind2=" ">
      <subfield code="a">BIB_RECT</subfield>
      <subfield code="b">BIB_UART</subfield>
      <subfield code="d">2007-03-02</subfield>
      <subfield code="y">BK</subfield>
      <subfield code="p">03-31250</subfield>
      <subfield code="i">03-31250</subfield>
      <subfield code="g">45</subfield>
      <subfield code="o">004.2 T164o4</subfield>
      <subfield code="e">UART</subfield>
      <subfield code="8">CG</subfield>
    </datafield>
    <datafield tag="952" ind1=" " ind2=" ">
      <subfield code="a">BIB_RECT</subfield>
      <subfield code="b">BIB_UART</subfield>
      <subfield code="d">2007-08-29</subfield>
      <subfield code="y">BK</subfield>
      <subfield code="p">03-33092</subfield>
      <subfield code="i">03-33092</subfield>
      <subfield code="g">71</subfield>
      <subfield code="o">004.2 T164o4</subfield>
      <subfield code="e">SIUNPA</subfield>
      <subfield code="8">CG</subfield>
    </datafield>
    <datafield tag="952" ind1=" " ind2=" ">
      <subfield code="a">BIB_RECT</subfield>
      <subfield code="b">BIB_UARG</subfield>
      <subfield code="d">2006-12-15</subfield>
      <subfield code="y">BK</subfield>
      <subfield code="p">05-15050</subfield>
      <subfield code="i">05-15050</subfield>
      <subfield code="g">38</subfield>
      <subfield code="o">004.2 T164o4</subfield>
      <subfield code="e">SIUNPA</subfield>
      <subfield code="8">CG</subfield>
    </datafield>
    <datafield tag="952" ind1=" " ind2=" ">
      <subfield code="a">BIB_RECT</subfield>
      <subfield code="b">BIB_UARG</subfield>
      <subfield code="d">2006-12-15</subfield>
      <subfield code="y">BK</subfield>
      <subfield code="p">05-15051</subfield>
      <subfield code="i">05-15051</subfield>
      <subfield code="g">38</subfield>
      <subfield code="o">004.2 T164o4</subfield>
      <subfield code="e">SIUNPA</subfield>
      <subfield code="8">CG</subfield>
    </datafield>
    <datafield tag="952" ind1=" " ind2=" ">
      <subfield code="a">BIB_RECT</subfield>
      <subfield code="b">BIB_UARG</subfield>
      <subfield code="d">2006-12-15</subfield>
      <subfield code="y">BK</subfield>
      <subfield code="p">05-15052</subfield>
      <subfield code="i">05-15052</subfield>
      <subfield code="g">38</subfield>
      <subfield code="o">004.2 T164o4</subfield>
      <subfield code="e">SIUNPA</subfield>
      <subfield code="8">CG</subfield>
    </datafield>
    <datafield tag="952" ind1=" " ind2=" ">
      <subfield code="a">BIB_RECT</subfield>
      <subfield code="b">BIB_UARG</subfield>
      <subfield code="d">2006-12-15</subfield>
      <subfield code="y">BK</subfield>
      <subfield code="p">05-15053</subfield>
      <subfield code="i">05-15053</subfield>
      <subfield code="g">38</subfield>
      <subfield code="o">004.2 T164o4</subfield>
      <subfield code="e">SIUNPA</subfield>
      <subfield code="8">CG</subfield>
    </datafield>
    <datafield tag="952" ind1=" " ind2=" ">
      <subfield code="a">BIB_RECT</subfield>
      <subfield code="b">BIB_UARG</subfield>
      <subfield code="d">2006-12-15</subfield>
      <subfield code="y">BK</subfield>
      <subfield code="p">05-15054</subfield>
      <subfield code="i">05-15054</subfield>
      <subfield code="g">38</subfield>
      <subfield code="o">004.2 T164o4</subfield>
      <subfield code="e">SIUNPA</subfield>
      <subfield code="8">CG</subfield>
    </datafield>
    <datafield tag="952" ind1=" " ind2=" ">
      <subfield code="a">BIB_RECT</subfield>
      <subfield code="b">SAT_TRUN</subfield>
      <subfield code="d">2005-08-23</subfield>
      <subfield code="y">BK</subfield>
      <subfield code="p">10-22635</subfield>
      <subfield code="i">10-22635</subfield>
      <subfield code="g">38</subfield>
      <subfield code="o">004.2 T164o4</subfield>
      <subfield code="e">SIUNPA</subfield>
      <subfield code="8">CG</subfield>
    </datafield>
    <datafield tag="952" ind1=" " ind2=" ">
      <subfield code="a">BIB_RECT</subfield>
      <subfield code="b">SAT_TRUN</subfield>
      <subfield code="d">2005-08-23</subfield>
      <subfield code="y">BK</subfield>
      <subfield code="p">10-22636</subfield>
      <subfield code="i">10-22636</subfield>
      <subfield code="g">38</subfield>
      <subfield code="o">004.2 T164o4</subfield>
      <subfield code="e">SIUNPA</subfield>
      <subfield code="8">CG</subfield>
    </datafield>
  </record>