
  <record>
    <leader>01000aam  22002601a 4500</leader>
    <controlfield tag="001">YPZ4650</controlfield>
    <controlfield tag="003">YPZ</controlfield>
    <controlfield tag="005">200503070000000</controlfield>
    <controlfield tag="008">050307|###########||||||b||||||||||spa|d</controlfield>
    <datafield tag="020" ind1=" " ind2=" ">
      <subfield code="a">970220030X</subfield>
    </datafield>
    <datafield tag="040" ind1=" " ind2=" ">
      <subfield code="c">SIUNPA</subfield>
    </datafield>
    <datafield tag="041" ind1=" " ind2=" ">
      <subfield code="a">spa</subfield>
    </datafield>
    <datafield tag="044" ind1=" " ind2=" ">
      <subfield code="a">MX</subfield>
    </datafield>
    <datafield tag="080" ind1=" " ind2=" ">
      <subfield code="a">R(031) P425p9</subfield>
    </datafield>
    <datafield tag="245" ind1=" " ind2=" ">
      <subfield code="a">El pequeño Larousse 2003</subfield>
    </datafield>
    <datafield tag="250" ind1=" " ind2=" ">
      <subfield code="a">9a ed., 1a reimpr.</subfield>
    </datafield>
    <datafield tag="260" ind1=" " ind2=" ">
      <subfield code="a">México, D.F.</subfield>
      <subfield code="b"> : Larousse</subfield>
      <subfield code="c"> , 2003</subfield>
    </datafield>
    <datafield tag="300" ind1=" " ind2=" ">
      <subfield code="a">1824 p. : </subfield>
      <subfield code="b">il. ; </subfield>
    </datafield>
    <datafield tag="500" ind1=" " ind2=" ">
      <subfield code="a">Tít. de cubierta: El pequeño Larousse ilustrado 2003</subfield>
    </datafield>
    <datafield tag="650" ind1=" " ind2=" ">
      <subfield code="a"> MATERIAL DE REFERENCIA</subfield>
    </datafield>
    <datafield tag="650" ind1=" " ind2=" ">
      <subfield code="a"> DICCIONARIO ENCICLOPEDICO</subfield>
    </datafield>
    <datafield tag="942" ind1=" " ind2=" ">
      <subfield code="c">BK</subfield>
    </datafield>
    <datafield tag="952" ind1=" " ind2=" ">
      <subfield code="a">BIB_RECT</subfield>
      <subfield code="b">BIB_RECT</subfield>
      <subfield code="d">2005-08-23</subfield>
      <subfield code="y">BK</subfield>
      <subfield code="p">01-24077</subfield>
      <subfield code="i">01-24077</subfield>
      <subfield code="g">89</subfield>
      <subfield code="o">R(031) P425p9</subfield>
      <subfield code="e">SIUNPA</subfield>
      <subfield code="8">CR</subfield>
    </datafield>
  </record>