
  <record>
    <leader>01000aam  22002601a 4500</leader>
    <controlfield tag="001">YPZ4651</controlfield>
    <controlfield tag="003">YPZ</controlfield>
    <controlfield tag="005">200503010000000</controlfield>
    <controlfield tag="008">050301|###########||||||b||||||||||spa|d</controlfield>
    <datafield tag="020" ind1=" " ind2=" ">
      <subfield code="a">9702402034</subfield>
    </datafield>
    <datafield tag="040" ind1=" " ind2=" ">
      <subfield code="c">SIUNPA</subfield>
    </datafield>
    <datafield tag="041" ind1=" " ind2=" ">
      <subfield code="a">spa</subfield>
    </datafield>
    <datafield tag="044" ind1=" " ind2=" ">
      <subfield code="a">MX</subfield>
    </datafield>
    <datafield tag="080" ind1=" " ind2=" ">
      <subfield code="a">65.012 P847v2</subfield>
    </datafield>
    <datafield tag="100" ind1=" " ind2=" ">
      <subfield code="a">Porter, Michael E..</subfield>
    </datafield>
    <datafield tag="245" ind1=" " ind2=" ">
      <subfield code="a">Ventaja competitiva</subfield>
      <subfield code="c"> / Pecina Hernández, José C., tr. ; Sánchez Soto, Armando, rev. técnica</subfield>
    </datafield>
    <datafield tag="250" ind1=" " ind2=" ">
      <subfield code="a">2a ed. rev.</subfield>
    </datafield>
    <datafield tag="260" ind1=" " ind2=" ">
      <subfield code="a">México, D.F.</subfield>
      <subfield code="b"> : Continental</subfield>
      <subfield code="c"> , c1987</subfield>
    </datafield>
    <datafield tag="500" ind1=" " ind2=" ">
      <subfield code="a">El año de reimpresión varía según el ejemplar</subfield>
    </datafield>
    <datafield tag="650" ind1=" " ind2=" ">
      <subfield code="a"> GESTION EMPRESARIAL  PRODUCTIVIDAD</subfield>
    </datafield>
    <datafield tag="650" ind1=" " ind2=" ">
      <subfield code="a"> COMPETITIVIDAD </subfield>
    </datafield>
    <datafield tag="650" ind1=" " ind2=" ">
      <subfield code="a"> ESTUDIOS DE MERCADO</subfield>
    </datafield>
    <datafield tag="650" ind1=" " ind2=" ">
      <subfield code="a"> VENTAJA COMPETITIVA</subfield>
    </datafield>
    <datafield tag="650" ind1=" " ind2=" ">
      <subfield code="a"> PLANIFICACION ESTRATEGICA</subfield>
    </datafield>
    <datafield tag="650" ind1=" " ind2=" ">
      <subfield code="a"> GESTION DE LA PRODUCCION</subfield>
    </datafield>
    <datafield tag="942" ind1=" " ind2=" ">
      <subfield code="c">BK</subfield>
    </datafield>
    <datafield tag="952" ind1=" " ind2=" ">
      <subfield code="a">BIB_RECT</subfield>
      <subfield code="b">BIB_UARG</subfield>
      <subfield code="d">2005-08-23</subfield>
      <subfield code="y">BK</subfield>
      <subfield code="p">05-26885</subfield>
      <subfield code="i">05-26885</subfield>
      <subfield code="g">62</subfield>
      <subfield code="o">65.012 P847v2</subfield>
      <subfield code="e">SIUNPA</subfield>
      <subfield code="8">CG</subfield>
    </datafield>
    <datafield tag="952" ind1=" " ind2=" ">
      <subfield code="a">BIB_RECT</subfield>
      <subfield code="b">BIB_UARG</subfield>
      <subfield code="d">2012-09-11</subfield>
      <subfield code="y">BK</subfield>
      <subfield code="p">05-43116</subfield>
      <subfield code="i">05-43116</subfield>
      <subfield code="g">130</subfield>
      <subfield code="o">65.012 P847v2</subfield>
      <subfield code="e">Compra SIUNPA</subfield>
      <subfield code="8">CG</subfield>
    </datafield>
    <datafield tag="952" ind1=" " ind2=" ">
      <subfield code="a">BIB_RECT</subfield>
      <subfield code="b">BIB_UARG</subfield>
      <subfield code="d">2012-09-11</subfield>
      <subfield code="y">BK</subfield>
      <subfield code="p">05-43117</subfield>
      <subfield code="i">05-43117</subfield>
      <subfield code="g">130</subfield>
      <subfield code="o">65.012 P847v2</subfield>
      <subfield code="e">Compra SIUNPA</subfield>
      <subfield code="8">CG</subfield>
    </datafield>
    <datafield tag="952" ind1=" " ind2=" ">
      <subfield code="a">BIB_RECT</subfield>
      <subfield code="b">BIB_UARG</subfield>
      <subfield code="d">2012-09-11</subfield>
      <subfield code="y">BK</subfield>
      <subfield code="p">05-43118</subfield>
      <subfield code="i">05-43118</subfield>
      <subfield code="g">130</subfield>
      <subfield code="o">65.012 P847v2</subfield>
      <subfield code="e">Compra SIUNPA</subfield>
      <subfield code="8">CG</subfield>
    </datafield>
    <datafield tag="952" ind1=" " ind2=" ">
      <subfield code="a">BIB_RECT</subfield>
      <subfield code="b">BIB_UARG</subfield>
      <subfield code="d">2012-09-11</subfield>
      <subfield code="y">BK</subfield>
      <subfield code="p">05-43119</subfield>
      <subfield code="i">05-43119</subfield>
      <subfield code="g">130</subfield>
      <subfield code="o">65.012 P847v2</subfield>
      <subfield code="e">Compra SIUNPA</subfield>
      <subfield code="8">CG</subfield>
    </datafield>
    <datafield tag="952" ind1=" " ind2=" ">
      <subfield code="a">BIB_RECT</subfield>
      <subfield code="b">BIB_UARG</subfield>
      <subfield code="d">2012-09-11</subfield>
      <subfield code="y">BK</subfield>
      <subfield code="p">05-43120</subfield>
      <subfield code="i">05-43120</subfield>
      <subfield code="g">130</subfield>
      <subfield code="o">65.012 P847v2</subfield>
      <subfield code="e">Compra SIUNPA</subfield>
      <subfield code="8">CG</subfield>
    </datafield>
    <datafield tag="952" ind1=" " ind2=" ">
      <subfield code="a">BIB_RECT</subfield>
      <subfield code="b">BIB_UARG</subfield>
      <subfield code="d">2012-09-11</subfield>
      <subfield code="y">BK</subfield>
      <subfield code="p">05-43121</subfield>
      <subfield code="i">05-43121</subfield>
      <subfield code="g">130</subfield>
      <subfield code="o">65.012 P847v2</subfield>
      <subfield code="e">Compra SIUNPA</subfield>
      <subfield code="8">CG</subfield>
    </datafield>
    <datafield tag="952" ind1=" " ind2=" ">
      <subfield code="a">BIB_RECT</subfield>
      <subfield code="b">BIB_UARG</subfield>
      <subfield code="d">2012-09-11</subfield>
      <subfield code="y">BK</subfield>
      <subfield code="p">05-43122</subfield>
      <subfield code="i">05-43122</subfield>
      <subfield code="g">130</subfield>
      <subfield code="o">65.012 P847v2</subfield>
      <subfield code="e">Compra SIUNPA</subfield>
      <subfield code="8">CG</subfield>
    </datafield>
    <datafield tag="952" ind1=" " ind2=" ">
      <subfield code="a">BIB_RECT</subfield>
      <subfield code="b">BIB_UARG</subfield>
      <subfield code="d">2012-09-11</subfield>
      <subfield code="y">BK</subfield>
      <subfield code="p">05-43123</subfield>
      <subfield code="i">05-43123</subfield>
      <subfield code="g">130</subfield>
      <subfield code="o">65.012 P847v2</subfield>
      <subfield code="e">Compra SIUNPA</subfield>
      <subfield code="8">CG</subfield>
    </datafield>
    <datafield tag="952" ind1=" " ind2=" ">
      <subfield code="a">BIB_RECT</subfield>
      <subfield code="b">SAT_CLFT</subfield>
      <subfield code="d">2005-08-23</subfield>
      <subfield code="y">BK</subfield>
      <subfield code="p">12-25522</subfield>
      <subfield code="i">12-25522</subfield>
      <subfield code="g">59</subfield>
      <subfield code="o">65.012 P847v2</subfield>
      <subfield code="e">SIUNPA</subfield>
      <subfield code="8">CG</subfield>
    </datafield>
  </record>