
  <record>
    <leader>01000aam  22002601a 4500</leader>
    <controlfield tag="001">YPZ4840</controlfield>
    <controlfield tag="003">YPZ</controlfield>
    <controlfield tag="005">200506070000000</controlfield>
    <controlfield tag="008">050607|###########||||||b||||||||||spa|d</controlfield>
    <datafield tag="020" ind1=" " ind2=" ">
      <subfield code="a">9874365439</subfield>
    </datafield>
    <datafield tag="040" ind1=" " ind2=" ">
      <subfield code="c">SIUNPA</subfield>
    </datafield>
    <datafield tag="041" ind1=" " ind2=" ">
      <subfield code="a">spa</subfield>
    </datafield>
    <datafield tag="044" ind1=" " ind2=" ">
      <subfield code="a">AR</subfield>
    </datafield>
    <datafield tag="080" ind1=" " ind2=" ">
      <subfield code="a">303.1 S491m</subfield>
    </datafield>
    <datafield tag="100" ind1=" " ind2=" ">
      <subfield code="a">Servato, Patricia.</subfield>
    </datafield>
    <datafield tag="245" ind1=" " ind2=" ">
      <subfield code="a">Los métodos de investigación en ciencias sociales y la producción social del conocimiento</subfield>
      <subfield code="b"> : análisis de las plataformas electorales de los partidos políticos argentinos para las elecciones presidenciales de 1989</subfield>
      <subfield code="c"> / Olivé, León, pról.</subfield>
    </datafield>
    <datafield tag="260" ind1=" " ind2=" ">
      <subfield code="a">Río Gallegos</subfield>
      <subfield code="b"> : UNPA</subfield>
      <subfield code="c"> , 2003</subfield>
    </datafield>
    <datafield tag="300" ind1=" " ind2=" ">
      <subfield code="a">358 p. : </subfield>
      <subfield code="b">il. ; </subfield>
    </datafield>
    <datafield tag="650" ind1=" " ind2=" ">
      <subfield code="a"> METODOLOGIA DE LA INVESTIGACION  PARTIDO POLITICO</subfield>
    </datafield>
    <datafield tag="650" ind1=" " ind2=" ">
      <subfield code="a"> INVESTIGACION SOCIAL </subfield>
    </datafield>
    <datafield tag="650" ind1=" " ind2=" ">
      <subfield code="a"> PLATAFORMAS POLITICAS</subfield>
    </datafield>
    <datafield tag="650" ind1=" " ind2=" ">
      <subfield code="a"> ORGANIZACION DE LA INVESTIGACION</subfield>
    </datafield>
    <datafield tag="650" ind1=" " ind2=" ">
      <subfield code="a"> CIENCIAS SOCIALES</subfield>
    </datafield>
    <datafield tag="650" ind1=" " ind2=" ">
      <subfield code="a"> ANALISIS DEL DISCURSO</subfield>
    </datafield>
    <datafield tag="942" ind1=" " ind2=" ">
      <subfield code="c">BK</subfield>
    </datafield>
    <datafield tag="952" ind1=" " ind2=" ">
      <subfield code="a">BIB_RECT</subfield>
      <subfield code="b">BIB_RECT</subfield>
      <subfield code="d">2005-08-23</subfield>
      <subfield code="y">BK</subfield>
      <subfield code="p">01-27115</subfield>
      <subfield code="i">01-27115</subfield>
      <subfield code="g">30</subfield>
      <subfield code="o">303.1 S491m</subfield>
      <subfield code="e">Secretaría de Extens</subfield>
      <subfield code="8">CG</subfield>
    </datafield>
    <datafield tag="952" ind1=" " ind2=" ">
      <subfield code="a">BIB_RECT</subfield>
      <subfield code="b">BIB_UACO</subfield>
      <subfield code="d">2005-08-23</subfield>
      <subfield code="y">BK</subfield>
      <subfield code="p">02-24779</subfield>
      <subfield code="i">02-24779</subfield>
      <subfield code="g">30</subfield>
      <subfield code="o">303.1 S491m</subfield>
      <subfield code="e">Secretaría de Extensión</subfield>
      <subfield code="8">CG</subfield>
    </datafield>
    <datafield tag="952" ind1=" " ind2=" ">
      <subfield code="a">BIB_RECT</subfield>
      <subfield code="b">BIB_UACO</subfield>
      <subfield code="d">2005-08-23</subfield>
      <subfield code="y">BK</subfield>
      <subfield code="p">02-24780</subfield>
      <subfield code="i">02-24780</subfield>
      <subfield code="g">30</subfield>
      <subfield code="o">303.1 S491m</subfield>
      <subfield code="e">Secretaría de Extensión</subfield>
      <subfield code="8">CG</subfield>
    </datafield>
    <datafield tag="952" ind1=" " ind2=" ">
      <subfield code="a">BIB_RECT</subfield>
      <subfield code="b">BIB_UACO</subfield>
      <subfield code="d">2010-02-22</subfield>
      <subfield code="y">BK</subfield>
      <subfield code="p">02-38620</subfield>
      <subfield code="i">02-38620</subfield>
      <subfield code="g">50</subfield>
      <subfield code="o">303.1 S491m</subfield>
      <subfield code="e">Secretaría de Extensión Rectorado</subfield>
      <subfield code="8">CG</subfield>
    </datafield>
    <datafield tag="952" ind1=" " ind2=" ">
      <subfield code="a">BIB_RECT</subfield>
      <subfield code="b">BIB_UACO</subfield>
      <subfield code="d">2012-05-09</subfield>
      <subfield code="y">BK</subfield>
      <subfield code="p">02-42485</subfield>
      <subfield code="i">02-42485</subfield>
      <subfield code="g">65</subfield>
      <subfield code="o">303.1 S491m</subfield>
      <subfield code="e">Donación Mena, Erica</subfield>
      <subfield code="8">CG</subfield>
    </datafield>
    <datafield tag="952" ind1=" " ind2=" ">
      <subfield code="a">BIB_RECT</subfield>
      <subfield code="b">BIB_UART</subfield>
      <subfield code="d">2005-08-23</subfield>
      <subfield code="y">BK</subfield>
      <subfield code="p">03-24791</subfield>
      <subfield code="i">03-24791</subfield>
      <subfield code="g">30</subfield>
      <subfield code="o">303.1 S491m</subfield>
      <subfield code="e">Secretaría de Extensión</subfield>
      <subfield code="8">CG</subfield>
    </datafield>
    <datafield tag="952" ind1=" " ind2=" ">
      <subfield code="a">BIB_RECT</subfield>
      <subfield code="b">BIB_UART</subfield>
      <subfield code="d">2005-08-23</subfield>
      <subfield code="y">BK</subfield>
      <subfield code="p">03-24792</subfield>
      <subfield code="i">03-24792</subfield>
      <subfield code="g">30</subfield>
      <subfield code="o">303.1 S491m</subfield>
      <subfield code="e">Secretaría de Extensión</subfield>
      <subfield code="8">CG</subfield>
    </datafield>
    <datafield tag="952" ind1=" " ind2=" ">
      <subfield code="a">BIB_RECT</subfield>
      <subfield code="b">BIB_UART</subfield>
      <subfield code="d">2010-02-19</subfield>
      <subfield code="y">BK</subfield>
      <subfield code="p">03-38595</subfield>
      <subfield code="i">03-38595</subfield>
      <subfield code="g">50</subfield>
      <subfield code="o">303.1 S491m</subfield>
      <subfield code="e">Donación Secretaría de Extensión</subfield>
      <subfield code="8">CG</subfield>
    </datafield>
    <datafield tag="952" ind1=" " ind2=" ">
      <subfield code="a">BIB_RECT</subfield>
      <subfield code="b">BIB_UASJ</subfield>
      <subfield code="d">2005-08-23</subfield>
      <subfield code="y">BK</subfield>
      <subfield code="p">04-24796</subfield>
      <subfield code="i">04-24796</subfield>
      <subfield code="g">30</subfield>
      <subfield code="o">303.1 S491m</subfield>
      <subfield code="e">Secretaría de Extensión</subfield>
      <subfield code="8">CG</subfield>
    </datafield>
    <datafield tag="952" ind1=" " ind2=" ">
      <subfield code="a">BIB_RECT</subfield>
      <subfield code="b">BIB_UASJ</subfield>
      <subfield code="d">2005-08-23</subfield>
      <subfield code="y">BK</subfield>
      <subfield code="p">04-24797</subfield>
      <subfield code="i">04-24797</subfield>
      <subfield code="g">30</subfield>
      <subfield code="o">303.1 S491m</subfield>
      <subfield code="e">Secretaría de Extensión</subfield>
      <subfield code="8">CG</subfield>
    </datafield>
    <datafield tag="952" ind1=" " ind2=" ">
      <subfield code="a">BIB_RECT</subfield>
      <subfield code="b">BIB_UASJ</subfield>
      <subfield code="d">2005-08-23</subfield>
      <subfield code="y">BK</subfield>
      <subfield code="p">04-26031</subfield>
      <subfield code="i">04-26031</subfield>
      <subfield code="g">30</subfield>
      <subfield code="o">303.1 S491m</subfield>
      <subfield code="e">Secretaría de Extensión</subfield>
      <subfield code="8">CG</subfield>
    </datafield>
    <datafield tag="952" ind1=" " ind2=" ">
      <subfield code="a">BIB_RECT</subfield>
      <subfield code="b">BIB_UASJ</subfield>
      <subfield code="d">2010-02-19</subfield>
      <subfield code="y">BK</subfield>
      <subfield code="p">04-38601</subfield>
      <subfield code="i">04-38601</subfield>
      <subfield code="g">50</subfield>
      <subfield code="o">303.1 S491m</subfield>
      <subfield code="e">Desconocido</subfield>
      <subfield code="8">CG</subfield>
    </datafield>
    <datafield tag="952" ind1=" " ind2=" ">
      <subfield code="a">BIB_RECT</subfield>
      <subfield code="b">BIB_UARG</subfield>
      <subfield code="d">2005-08-23</subfield>
      <subfield code="y">BK</subfield>
      <subfield code="p">05-24783</subfield>
      <subfield code="i">05-24783</subfield>
      <subfield code="g">30</subfield>
      <subfield code="o">303.1 S491m</subfield>
      <subfield code="e">Secretaría de Extensión</subfield>
      <subfield code="8">CG</subfield>
    </datafield>
    <datafield tag="952" ind1=" " ind2=" ">
      <subfield code="a">BIB_RECT</subfield>
      <subfield code="b">BIB_UARG</subfield>
      <subfield code="d">2005-08-23</subfield>
      <subfield code="y">BK</subfield>
      <subfield code="p">05-24784</subfield>
      <subfield code="i">05-24784</subfield>
      <subfield code="g">30</subfield>
      <subfield code="o">303.1 S491m</subfield>
      <subfield code="e">Secretaría de Extensión</subfield>
      <subfield code="8">CG</subfield>
    </datafield>
    <datafield tag="952" ind1=" " ind2=" ">
      <subfield code="a">BIB_RECT</subfield>
      <subfield code="b">BIB_UARG</subfield>
      <subfield code="d">2010-02-19</subfield>
      <subfield code="y">BK</subfield>
      <subfield code="p">05-38608</subfield>
      <subfield code="i">05-38608</subfield>
      <subfield code="g">50</subfield>
      <subfield code="o">303.1 S491m</subfield>
      <subfield code="e">Donación Secretaría de Extensión</subfield>
      <subfield code="8">CG</subfield>
    </datafield>
    <datafield tag="952" ind1=" " ind2=" ">
      <subfield code="a">BIB_RECT</subfield>
      <subfield code="b">SAT_TRUN</subfield>
      <subfield code="d">2005-08-23</subfield>
      <subfield code="y">BK</subfield>
      <subfield code="p">10-24817</subfield>
      <subfield code="i">10-24817</subfield>
      <subfield code="g">30</subfield>
      <subfield code="o">303.1 S491m</subfield>
      <subfield code="e">Secretaría de Extens</subfield>
      <subfield code="8">CG</subfield>
    </datafield>
    <datafield tag="952" ind1=" " ind2=" ">
      <subfield code="a">BIB_RECT</subfield>
      <subfield code="b">SAT_TRUN</subfield>
      <subfield code="d">2010-02-22</subfield>
      <subfield code="y">BK</subfield>
      <subfield code="p">10-38614</subfield>
      <subfield code="i">10-38614</subfield>
      <subfield code="g">50</subfield>
      <subfield code="o">303.1 S491m</subfield>
      <subfield code="e">Donación Secretaría de Extensión Rectora</subfield>
      <subfield code="8">CG</subfield>
    </datafield>
    <datafield tag="952" ind1=" " ind2=" ">
      <subfield code="a">BIB_RECT</subfield>
      <subfield code="b">SAT_PBNA</subfield>
      <subfield code="d">2005-08-23</subfield>
      <subfield code="y">BK</subfield>
      <subfield code="p">11-24803</subfield>
      <subfield code="i">11-24803</subfield>
      <subfield code="g">30</subfield>
      <subfield code="o">303.1 S491m</subfield>
      <subfield code="e">Secretaría de Extensión</subfield>
      <subfield code="8">CG</subfield>
    </datafield>
    <datafield tag="952" ind1=" " ind2=" ">
      <subfield code="a">BIB_RECT</subfield>
      <subfield code="b">SAT_PBNA</subfield>
      <subfield code="d">2009-12-17</subfield>
      <subfield code="y">BK</subfield>
      <subfield code="p">11-38589</subfield>
      <subfield code="i">11-38589</subfield>
      <subfield code="g">49</subfield>
      <subfield code="o">303.1 S491m</subfield>
      <subfield code="e">Secretaría de Extensión Rectorado</subfield>
      <subfield code="8">CG</subfield>
    </datafield>
    <datafield tag="952" ind1=" " ind2=" ">
      <subfield code="a">BIB_RECT</subfield>
      <subfield code="b">SAT_CLFT</subfield>
      <subfield code="d">2005-08-23</subfield>
      <subfield code="y">BK</subfield>
      <subfield code="p">12-24806</subfield>
      <subfield code="i">12-24806</subfield>
      <subfield code="g">30</subfield>
      <subfield code="o">303.1 S491m</subfield>
      <subfield code="e">Secretaría de Extens</subfield>
      <subfield code="8">CG</subfield>
    </datafield>
    <datafield tag="952" ind1=" " ind2=" ">
      <subfield code="a">BIB_RECT</subfield>
      <subfield code="b">SAT_PMDN </subfield>
      <subfield code="d">2005-08-23</subfield>
      <subfield code="y">BK</subfield>
      <subfield code="p">15-24816</subfield>
      <subfield code="i">15-24816</subfield>
      <subfield code="g">30</subfield>
      <subfield code="o">303.1 S491m</subfield>
      <subfield code="e">Secretaría de Extensión</subfield>
      <subfield code="8">CG</subfield>
    </datafield>
    <datafield tag="952" ind1=" " ind2=" ">
      <subfield code="a">BIB_RECT</subfield>
      <subfield code="b">SAT_PMDN </subfield>
      <subfield code="d">2010-02-22</subfield>
      <subfield code="y">BK</subfield>
      <subfield code="p">15-38611</subfield>
      <subfield code="i">15-38611</subfield>
      <subfield code="g">50</subfield>
      <subfield code="o">303.1 S491m</subfield>
      <subfield code="e">Secretaría de Extensión Rectorado</subfield>
      <subfield code="8">CG</subfield>
    </datafield>
    <datafield tag="952" ind1=" " ind2=" ">
      <subfield code="a">BIB_RECT</subfield>
      <subfield code="b">SAT_PDES</subfield>
      <subfield code="d">2005-08-23</subfield>
      <subfield code="y">BK</subfield>
      <subfield code="p">16-24815</subfield>
      <subfield code="i">16-24815</subfield>
      <subfield code="g">30</subfield>
      <subfield code="o">303.1 S491m</subfield>
      <subfield code="e">Secretaría de Extens</subfield>
      <subfield code="8">CG</subfield>
    </datafield>
    <datafield tag="952" ind1=" " ind2=" ">
      <subfield code="a">BIB_RECT</subfield>
      <subfield code="b">SAT_RGRA</subfield>
      <subfield code="d">2005-08-23</subfield>
      <subfield code="y">BK</subfield>
      <subfield code="p">17-27576</subfield>
      <subfield code="i">17-27576</subfield>
      <subfield code="g">30</subfield>
      <subfield code="o">303.1 S491m</subfield>
      <subfield code="e">Secretaría de Extens</subfield>
      <subfield code="8">CG</subfield>
    </datafield>
    <datafield tag="952" ind1=" " ind2=" ">
      <subfield code="a">BIB_RECT</subfield>
      <subfield code="b">SAT_GREG</subfield>
      <subfield code="d">2005-08-23</subfield>
      <subfield code="y">BK</subfield>
      <subfield code="p">18-27577</subfield>
      <subfield code="i">18-27577</subfield>
      <subfield code="g">30</subfield>
      <subfield code="o">303.1 S491m</subfield>
      <subfield code="e">Secretaría de Extensión</subfield>
      <subfield code="8">CG</subfield>
    </datafield>
    <datafield tag="952" ind1=" " ind2=" ">
      <subfield code="a">BIB_RECT</subfield>
      <subfield code="b">SAT_GREG</subfield>
      <subfield code="d">2010-02-22</subfield>
      <subfield code="y">BK</subfield>
      <subfield code="p">18-38617</subfield>
      <subfield code="i">18-38617</subfield>
      <subfield code="g">30</subfield>
      <subfield code="o">303.1 S491m</subfield>
      <subfield code="e">Secretaría de Extensión Universitaria</subfield>
      <subfield code="8">CG</subfield>
    </datafield>
  </record>