
  <record>
    <leader>01000aam  22002601a 4500</leader>
    <controlfield tag="001">YPZ4863</controlfield>
    <controlfield tag="003">YPZ</controlfield>
    <controlfield tag="005">200406300000000</controlfield>
    <controlfield tag="008">040630|###########||||||b||||||||||spa|d</controlfield>
    <datafield tag="020" ind1=" " ind2=" ">
      <subfield code="a">9875211176</subfield>
    </datafield>
    <datafield tag="040" ind1=" " ind2=" ">
      <subfield code="c">SIUNPA</subfield>
    </datafield>
    <datafield tag="041" ind1=" " ind2=" ">
      <subfield code="a">spa</subfield>
    </datafield>
    <datafield tag="044" ind1=" " ind2=" ">
      <subfield code="a">AR</subfield>
    </datafield>
    <datafield tag="080" ind1=" " ind2=" ">
      <subfield code="a">911.2(828.8) G943g</subfield>
    </datafield>
    <datafield tag="245" ind1=" " ind2=" ">
      <subfield code="a">Guía geográfica interactiva de Santa Cruz</subfield>
      <subfield code="c"> / González, Liliana, ed. ; Rial, Pablo, ed.</subfield>
    </datafield>
    <datafield tag="260" ind1=" " ind2=" ">
      <subfield code="a">Río Gallegos</subfield>
      <subfield code="b"> : Estación Experimental Agropecuaria Santa Cruz, INTA</subfield>
      <subfield code="c"> , 2004</subfield>
    </datafield>
    <datafield tag="300" ind1=" " ind2=" ">
      <subfield code="a">60 p. : </subfield>
      <subfield code="b">il. ; </subfield>
      <subfield code="a">130 p. : </subfield>
      <subfield code="b">il. ; </subfield>
      <subfield code="a">59 p. : </subfield>
      <subfield code="b">il. ; </subfield>
      <subfield code="e">1 CD-ROM en bolsillo</subfield>
    </datafield>
    <datafield tag="500" ind1=" " ind2=" ">
      <subfield code="a">Contenido del CD-ROM: prólogo, introducción, índice, autores y agradecimientos</subfield>
    </datafield>
    <datafield tag="500" ind1=" " ind2=" ">
      <subfield code="a">Convenio INTA, Prov. de Santa Cruz - UNPA</subfield>
    </datafield>
    <datafield tag="650" ind1=" " ind2=" ">
      <subfield code="a"> GEOGRAFIA FISICA</subfield>
    </datafield>
    <datafield tag="650" ind1=" " ind2=" ">
      <subfield code="a"> SANTA CRUZ (ARGENTINA)</subfield>
    </datafield>
    <datafield tag="942" ind1=" " ind2=" ">
      <subfield code="c">BK</subfield>
    </datafield>
    <datafield tag="952" ind1=" " ind2=" ">
      <subfield code="a">BIB_RECT</subfield>
      <subfield code="b">BIB_UACO</subfield>
      <subfield code="d">2005-08-23</subfield>
      <subfield code="y">BK</subfield>
      <subfield code="p">02-24469</subfield>
      <subfield code="i">02-24469</subfield>
      <subfield code="g">30</subfield>
      <subfield code="o">911.2(828.8) G943g</subfield>
      <subfield code="e">Secretaría de Extens</subfield>
      <subfield code="8">CG</subfield>
    </datafield>
    <datafield tag="952" ind1=" " ind2=" ">
      <subfield code="a">BIB_RECT</subfield>
      <subfield code="b">BIB_UART</subfield>
      <subfield code="d">2005-08-23</subfield>
      <subfield code="y">BK</subfield>
      <subfield code="p">03-24789</subfield>
      <subfield code="i">03-24789</subfield>
      <subfield code="g">30</subfield>
      <subfield code="o">911.2(828.8) G943g</subfield>
      <subfield code="e">Secretaría de Extens</subfield>
      <subfield code="8">CG</subfield>
    </datafield>
    <datafield tag="952" ind1=" " ind2=" ">
      <subfield code="a">BIB_RECT</subfield>
      <subfield code="b">BIB_UASJ</subfield>
      <subfield code="d">2005-08-23</subfield>
      <subfield code="y">BK</subfield>
      <subfield code="p">04-24794</subfield>
      <subfield code="i">04-24794</subfield>
      <subfield code="g">30</subfield>
      <subfield code="o">911.2(828.8) G943g</subfield>
      <subfield code="e">Secretaría de Extens</subfield>
      <subfield code="8">CG</subfield>
    </datafield>
    <datafield tag="952" ind1=" " ind2=" ">
      <subfield code="a">BIB_RECT</subfield>
      <subfield code="b">BIB_UASJ</subfield>
      <subfield code="d">2006-05-15</subfield>
      <subfield code="y">BK</subfield>
      <subfield code="p">04-30380</subfield>
      <subfield code="i">04-30380</subfield>
      <subfield code="g">30</subfield>
      <subfield code="o">911.2(828.8) G943g</subfield>
      <subfield code="e">Donación INTA</subfield>
      <subfield code="8">CG</subfield>
    </datafield>
    <datafield tag="952" ind1=" " ind2=" ">
      <subfield code="a">BIB_RECT</subfield>
      <subfield code="b">BIB_UARG</subfield>
      <subfield code="d">2005-08-23</subfield>
      <subfield code="y">BK</subfield>
      <subfield code="p">05-24787</subfield>
      <subfield code="i">05-24787</subfield>
      <subfield code="g">30</subfield>
      <subfield code="o">911.2(828.8) G943g</subfield>
      <subfield code="e">Secretaría de Extens</subfield>
      <subfield code="8">CG</subfield>
    </datafield>
    <datafield tag="952" ind1=" " ind2=" ">
      <subfield code="a">BIB_RECT</subfield>
      <subfield code="b">BIB_UARG</subfield>
      <subfield code="d">2016-09-21</subfield>
      <subfield code="y">BK</subfield>
      <subfield code="p">05-48261</subfield>
      <subfield code="i">05-48261</subfield>
      <subfield code="g">130</subfield>
      <subfield code="o">911.2(828.8) G943g</subfield>
      <subfield code="e">Donación</subfield>
      <subfield code="8">CG</subfield>
    </datafield>
    <datafield tag="952" ind1=" " ind2=" ">
      <subfield code="a">BIB_RECT</subfield>
      <subfield code="b">SAT_TRUN</subfield>
      <subfield code="d">2005-08-23</subfield>
      <subfield code="y">BK</subfield>
      <subfield code="p">10-24812</subfield>
      <subfield code="i">10-24812</subfield>
      <subfield code="g">30</subfield>
      <subfield code="o">911.2(828.8) G943g</subfield>
      <subfield code="e">Secretaría de Extens</subfield>
      <subfield code="8">CG</subfield>
    </datafield>
    <datafield tag="952" ind1=" " ind2=" ">
      <subfield code="a">BIB_RECT</subfield>
      <subfield code="b">SAT_PBNA</subfield>
      <subfield code="d">2005-08-23</subfield>
      <subfield code="y">BK</subfield>
      <subfield code="p">11-24804</subfield>
      <subfield code="i">11-24804</subfield>
      <subfield code="g">30</subfield>
      <subfield code="o">911.2(828.8) G943g</subfield>
      <subfield code="e">Secretaría de Extens</subfield>
      <subfield code="8">CG</subfield>
    </datafield>
    <datafield tag="952" ind1=" " ind2=" ">
      <subfield code="a">BIB_RECT</subfield>
      <subfield code="b">SAT_CLFT</subfield>
      <subfield code="d">2005-08-23</subfield>
      <subfield code="y">BK</subfield>
      <subfield code="p">12-24807</subfield>
      <subfield code="i">12-24807</subfield>
      <subfield code="g">30</subfield>
      <subfield code="o">911.2(828.8) G943g</subfield>
      <subfield code="e">Secretaría de Extens</subfield>
      <subfield code="8">CG</subfield>
    </datafield>
    <datafield tag="952" ind1=" " ind2=" ">
      <subfield code="a">BIB_RECT</subfield>
      <subfield code="b">SAT_PMDN </subfield>
      <subfield code="d">2005-08-23</subfield>
      <subfield code="y">BK</subfield>
      <subfield code="p">15-24813</subfield>
      <subfield code="i">15-24813</subfield>
      <subfield code="g">30</subfield>
      <subfield code="o">911.2(828.8) G943g</subfield>
      <subfield code="e">Secretaría de Extens</subfield>
      <subfield code="8">CG</subfield>
    </datafield>
    <datafield tag="952" ind1=" " ind2=" ">
      <subfield code="a">BIB_RECT</subfield>
      <subfield code="b">SAT_PDES</subfield>
      <subfield code="d">2005-08-23</subfield>
      <subfield code="y">BK</subfield>
      <subfield code="p">16-24814</subfield>
      <subfield code="i">16-24814</subfield>
      <subfield code="g">30</subfield>
      <subfield code="o">911.2(828.8) G943g</subfield>
      <subfield code="e">Secretaría de Extens</subfield>
      <subfield code="8">CG</subfield>
    </datafield>
  </record>