
  <record>
    <leader>01000aam  22002601a 4500</leader>
    <controlfield tag="001">YPZ4898</controlfield>
    <controlfield tag="003">YPZ</controlfield>
    <controlfield tag="005">200506090000000</controlfield>
    <controlfield tag="008">050609|###########||||||b||||||||||spa|d</controlfield>
    <datafield tag="020" ind1=" " ind2=" ">
      <subfield code="a">9875504394</subfield>
    </datafield>
    <datafield tag="040" ind1=" " ind2=" ">
      <subfield code="c">SIUNPA</subfield>
    </datafield>
    <datafield tag="041" ind1=" " ind2=" ">
      <subfield code="a">spa</subfield>
    </datafield>
    <datafield tag="044" ind1=" " ind2=" ">
      <subfield code="a">AR</subfield>
    </datafield>
    <datafield tag="080" ind1=" " ind2=" ">
      <subfield code="a">37.015.3 B458t</subfield>
    </datafield>
    <datafield tag="100" ind1=" " ind2=" ">
      <subfield code="a">Bendersky, Betina A..</subfield>
    </datafield>
    <datafield tag="245" ind1=" " ind2=" ">
      <subfield code="a">La teoría genética de Piaget</subfield>
      <subfield code="b"> : psicología evolutiva y educación</subfield>
    </datafield>
    <datafield tag="250" ind1=" " ind2=" ">
      <subfield code="a">1a ed.</subfield>
    </datafield>
    <datafield tag="260" ind1=" " ind2=" ">
      <subfield code="a">Buenos Aires</subfield>
      <subfield code="b"> : Longseller</subfield>
      <subfield code="c"> , 2004</subfield>
    </datafield>
    <datafield tag="300" ind1=" " ind2=" ">
      <subfield code="a">111 p. : </subfield>
    </datafield>
    <datafield tag="440" ind1=" " ind2=" ">
      <subfield code="a">Colección vitral</subfield>
      <subfield code="a">Otros mundos</subfield>
      <subfield code="a">La otra orilla</subfield>
      <subfield code="a">Vitral</subfield>
      <subfield code="a">Colección biografías y documentos</subfield>
      <subfield code="a">La otra orilla</subfield>
      <subfield code="a">Biografías y documentos</subfield>
      <subfield code="a">Otros mundos</subfield>
      <subfield code="a">Compendios / Longseller</subfield>
      <subfield code="v">23</subfield>
    </datafield>
    <datafield tag="490" ind1=" " ind2=" ">
      <subfield code="a">Colección vitral</subfield>
      <subfield code="a">Otros mundos</subfield>
      <subfield code="a">La otra orilla</subfield>
      <subfield code="a">Vitral</subfield>
      <subfield code="a">Colección biografías y documentos</subfield>
      <subfield code="a">La otra orilla</subfield>
      <subfield code="a">Biografías y documentos</subfield>
      <subfield code="a">Otros mundos</subfield>
      <subfield code="a">Compendios / Longseller</subfield>
      <subfield code="v">23</subfield>
    </datafield>
    <datafield tag="650" ind1=" " ind2=" ">
      <subfield code="a"> PSICOLOGIA DE LA EDUCACION</subfield>
    </datafield>
    <datafield tag="650" ind1=" " ind2=" ">
      <subfield code="a"> PSICOLOGIA EVOLUTIVA</subfield>
    </datafield>
    <datafield tag="650" ind1=" " ind2=" ">
      <subfield code="a"> PIAGET, JEAN</subfield>
    </datafield>
    <datafield tag="942" ind1=" " ind2=" ">
      <subfield code="c">BK</subfield>
    </datafield>
    <datafield tag="952" ind1=" " ind2=" ">
      <subfield code="a">BIB_RECT</subfield>
      <subfield code="b">BIB_UARG</subfield>
      <subfield code="d">2005-08-23</subfield>
      <subfield code="y">BK</subfield>
      <subfield code="p">05-27978</subfield>
      <subfield code="i">05-27978</subfield>
      <subfield code="g">18</subfield>
      <subfield code="o">37.015.3 B458t</subfield>
      <subfield code="e">Donación APEP/04</subfield>
      <subfield code="8">CG</subfield>
    </datafield>
  </record>