
  <record>
    <leader>01000aam  22002601a 4500</leader>
    <controlfield tag="001">YPZ4917</controlfield>
    <controlfield tag="003">YPZ</controlfield>
    <controlfield tag="005">200405190000000</controlfield>
    <controlfield tag="008">040519|###########||||||b||||||||||spa|d</controlfield>
    <datafield tag="020" ind1=" " ind2=" ">
      <subfield code="a">987900681X</subfield>
    </datafield>
    <datafield tag="040" ind1=" " ind2=" ">
      <subfield code="c">SIUNPA</subfield>
    </datafield>
    <datafield tag="041" ind1=" " ind2=" ">
      <subfield code="a">spa</subfield>
    </datafield>
    <datafield tag="044" ind1=" " ind2=" ">
      <subfield code="a">AR</subfield>
    </datafield>
    <datafield tag="080" ind1=" " ind2=" ">
      <subfield code="a">371.21 F797f</subfield>
    </datafield>
    <datafield tag="245" ind1=" " ind2=" ">
      <subfield code="a">Fracaso escolar</subfield>
      <subfield code="c"> / Sevilla, Mónica, comp.</subfield>
    </datafield>
    <datafield tag="260" ind1=" " ind2=" ">
      <subfield code="a">Buenos Aires</subfield>
      <subfield code="b"> : Fundación Infancias</subfield>
      <subfield code="b"> : Fundación Descartes</subfield>
      <subfield code="b"> : Atuel</subfield>
      <subfield code="c"> , 2001</subfield>
    </datafield>
    <datafield tag="300" ind1=" " ind2=" ">
      <subfield code="a">200 p. : </subfield>
      <subfield code="b">il. ; </subfield>
    </datafield>
    <datafield tag="440" ind1=" " ind2=" ">
      <subfield code="a">Colección intersecciones</subfield>
      <subfield code="a">Colección orientación lacaniana</subfield>
      <subfield code="a">Colección del círculo</subfield>
      <subfield code="a">Serie impar</subfield>
      <subfield code="a">Conferencias Oscar Massotta</subfield>
      <subfield code="a">Conferencias Oscar Massotta</subfield>
      <subfield code="a">Serie impar</subfield>
      <subfield code="a">Serie impar</subfield>
      <subfield code="a">Serie impar</subfield>
      <subfield code="a">Serie impar</subfield>
      <subfield code="a">Atuel poesía</subfield>
      <subfield code="a">Serie impar</subfield>
      <subfield code="a">Temas cruciales</subfield>
      <subfield code="v">3</subfield>
    </datafield>
    <datafield tag="490" ind1=" " ind2=" ">
      <subfield code="a">Colección intersecciones</subfield>
      <subfield code="a">Colección orientación lacaniana</subfield>
      <subfield code="a">Colección del círculo</subfield>
      <subfield code="a">Serie impar</subfield>
      <subfield code="a">Conferencias Oscar Massotta</subfield>
      <subfield code="a">Conferencias Oscar Massotta</subfield>
      <subfield code="a">Serie impar</subfield>
      <subfield code="a">Serie impar</subfield>
      <subfield code="a">Serie impar</subfield>
      <subfield code="a">Serie impar</subfield>
      <subfield code="a">Atuel poesía</subfield>
      <subfield code="a">Serie impar</subfield>
      <subfield code="a">Temas cruciales</subfield>
      <subfield code="v">3</subfield>
    </datafield>
    <datafield tag="650" ind1=" " ind2=" ">
      <subfield code="a"> FRACASO ESCOLAR</subfield>
    </datafield>
    <datafield tag="650" ind1=" " ind2=" ">
      <subfield code="a"> RENDIMIENTO ESCOLAR</subfield>
    </datafield>
    <datafield tag="650" ind1=" " ind2=" ">
      <subfield code="a"> APRENDIZAJE</subfield>
    </datafield>
    <datafield tag="650" ind1=" " ind2=" ">
      <subfield code="a"> RELACION ESCUELA</subfield>
    </datafield>
    <datafield tag="650" ind1=" " ind2=" ">
      <subfield code="a">ALUMNO</subfield>
    </datafield>
    <datafield tag="650" ind1=" " ind2=" ">
      <subfield code="a"> PSICOLOGIA INFANTIL</subfield>
    </datafield>
    <datafield tag="942" ind1=" " ind2=" ">
      <subfield code="c">BK</subfield>
    </datafield>
    <datafield tag="952" ind1=" " ind2=" ">
      <subfield code="a">BIB_RECT</subfield>
      <subfield code="b">BIB_UART</subfield>
      <subfield code="d">2005-08-23</subfield>
      <subfield code="y">BK</subfield>
      <subfield code="p">03-24312</subfield>
      <subfield code="i">03-24312</subfield>
      <subfield code="g">18</subfield>
      <subfield code="o">371.21 F797f</subfield>
      <subfield code="e">UART</subfield>
      <subfield code="8">CG</subfield>
    </datafield>
  </record>