
  <record>
    <leader>01000aam  22002601a 4500</leader>
    <controlfield tag="001">YPZ4948</controlfield>
    <controlfield tag="003">YPZ</controlfield>
    <controlfield tag="005">200408120000000</controlfield>
    <controlfield tag="008">040812|###########||||||b||||||||||spa|d</controlfield>
    <datafield tag="020" ind1=" " ind2=" ">
      <subfield code="a">9879087151</subfield>
    </datafield>
    <datafield tag="040" ind1=" " ind2=" ">
      <subfield code="c">SIUNPA</subfield>
    </datafield>
    <datafield tag="041" ind1=" " ind2=" ">
      <subfield code="a">spa</subfield>
    </datafield>
    <datafield tag="044" ind1=" " ind2=" ">
      <subfield code="a">AR</subfield>
    </datafield>
    <datafield tag="080" ind1=" " ind2=" ">
      <subfield code="a">336.02 S471c</subfield>
    </datafield>
    <datafield tag="110" ind1=" " ind2=" ">
      <subfield code="a">Seminario La ciudad, Centro Financiero Global (Buenos Aires : 1998).</subfield>
    </datafield>
    <datafield tag="245" ind1=" " ind2=" ">
      <subfield code="a">La ciudad, centro financiero global</subfield>
      <subfield code="c"> / Buenos Aires (Argentina). Gobierno de la Ciudad, organizador ; Londres (Gran Bretaña). City, organizador</subfield>
    </datafield>
    <datafield tag="250" ind1=" " ind2=" ">
      <subfield code="a">1a ed.</subfield>
    </datafield>
    <datafield tag="260" ind1=" " ind2=" ">
      <subfield code="a">Buenos Aires</subfield>
      <subfield code="b"> : Comunicarte</subfield>
      <subfield code="c"> , 1997</subfield>
    </datafield>
    <datafield tag="300" ind1=" " ind2=" ">
      <subfield code="a">78 p. : </subfield>
    </datafield>
    <datafield tag="440" ind1=" " ind2=" ">
      <subfield code="a">Temas nuevos para bancos nuevos y empresas</subfield>
      <subfield code="v">23</subfield>
    </datafield>
    <datafield tag="490" ind1=" " ind2=" ">
      <subfield code="a">Temas nuevos para bancos nuevos y empresas</subfield>
      <subfield code="v">23</subfield>
    </datafield>
    <datafield tag="650" ind1=" " ind2=" ">
      <subfield code="a"> MERCADO FINANCIERO</subfield>
    </datafield>
    <datafield tag="650" ind1=" " ind2=" ">
      <subfield code="a"> MERCADO FINANCIERO INTERNACIONAL</subfield>
    </datafield>
    <datafield tag="650" ind1=" " ind2=" ">
      <subfield code="a"> ACTIVIDAD BANCARIA Y FINANCIERA</subfield>
    </datafield>
    <datafield tag="650" ind1=" " ind2=" ">
      <subfield code="a"> BUENOS AIRES (ARGENTINA)</subfield>
    </datafield>
    <datafield tag="650" ind1=" " ind2=" ">
      <subfield code="a"> LONDRES (GRAN BRETAÑA)</subfield>
    </datafield>
    <datafield tag="942" ind1=" " ind2=" ">
      <subfield code="c">BK</subfield>
    </datafield>
    <datafield tag="952" ind1=" " ind2=" ">
      <subfield code="a">BIB_RECT</subfield>
      <subfield code="b">BIB_UACO</subfield>
      <subfield code="d">2005-08-23</subfield>
      <subfield code="y">BK</subfield>
      <subfield code="p">02-24964</subfield>
      <subfield code="i">02-24964</subfield>
      <subfield code="g">10</subfield>
      <subfield code="o">336.02 S471c</subfield>
      <subfield code="e">Donación SIUNPA</subfield>
      <subfield code="8">CG</subfield>
    </datafield>
    <datafield tag="952" ind1=" " ind2=" ">
      <subfield code="a">BIB_RECT</subfield>
      <subfield code="b">BIB_UART</subfield>
      <subfield code="d">2005-08-23</subfield>
      <subfield code="y">BK</subfield>
      <subfield code="p">03-25035</subfield>
      <subfield code="i">03-25035</subfield>
      <subfield code="g">10</subfield>
      <subfield code="o">336.02 S471c</subfield>
      <subfield code="e">Donación SIUNPA</subfield>
      <subfield code="8">CG</subfield>
    </datafield>
    <datafield tag="952" ind1=" " ind2=" ">
      <subfield code="a">BIB_RECT</subfield>
      <subfield code="b">BIB_UASJ</subfield>
      <subfield code="d">2005-08-23</subfield>
      <subfield code="y">BK</subfield>
      <subfield code="p">04-25039</subfield>
      <subfield code="i">04-25039</subfield>
      <subfield code="g">10</subfield>
      <subfield code="o">336.02 S471c</subfield>
      <subfield code="e">Donación SIUNPA</subfield>
      <subfield code="8">CG</subfield>
    </datafield>
    <datafield tag="952" ind1=" " ind2=" ">
      <subfield code="a">BIB_RECT</subfield>
      <subfield code="b">BIB_UARG</subfield>
      <subfield code="d">2005-08-23</subfield>
      <subfield code="y">BK</subfield>
      <subfield code="p">05-24972</subfield>
      <subfield code="i">05-24972</subfield>
      <subfield code="g">10</subfield>
      <subfield code="o">336.02 S471c</subfield>
      <subfield code="e">Donación SIUNPA</subfield>
      <subfield code="8">CG</subfield>
    </datafield>
    <datafield tag="952" ind1=" " ind2=" ">
      <subfield code="a">BIB_RECT</subfield>
      <subfield code="b">SAT_TRUN</subfield>
      <subfield code="d">2005-08-23</subfield>
      <subfield code="y">BK</subfield>
      <subfield code="p">10-25059</subfield>
      <subfield code="i">10-25059</subfield>
      <subfield code="g">10</subfield>
      <subfield code="o">336.02 S471c</subfield>
      <subfield code="e">Donación SIUNPA</subfield>
      <subfield code="8">CG</subfield>
    </datafield>
  </record>