
  <record>
    <leader>01000aam  22002601a 4500</leader>
    <controlfield tag="001">YPZ5077</controlfield>
    <controlfield tag="003">YPZ</controlfield>
    <controlfield tag="005">200405050000000</controlfield>
    <controlfield tag="008">040505|###########||||||b||||||||||spa|d</controlfield>
    <datafield tag="020" ind1=" " ind2=" ">
      <subfield code="a">9879624475</subfield>
    </datafield>
    <datafield tag="040" ind1=" " ind2=" ">
      <subfield code="c">SIUNPA</subfield>
    </datafield>
    <datafield tag="041" ind1=" " ind2=" ">
      <subfield code="a">spa</subfield>
    </datafield>
    <datafield tag="044" ind1=" " ind2=" ">
      <subfield code="a">AR</subfield>
    </datafield>
    <datafield tag="080" ind1=" " ind2=" ">
      <subfield code="a">639.2 S618s</subfield>
    </datafield>
    <datafield tag="245" ind1=" " ind2=" ">
      <subfield code="a">Síntesis del estado de las pesquerías marítimas argentinas y de la Cuenca del Plata</subfield>
      <subfield code="b"> : años 1997-1998, con una actualización de 1999</subfield>
      <subfield code="c"> / Bezzi, Susana, ed. ; Akselman, Rut, ed. ; Boschi, Enrique E., ed.</subfield>
    </datafield>
    <datafield tag="260" ind1=" " ind2=" ">
      <subfield code="a">Mar del Plata</subfield>
      <subfield code="b"> : INIDEP</subfield>
      <subfield code="c"> , 2000</subfield>
    </datafield>
    <datafield tag="300" ind1=" " ind2=" ">
      <subfield code="a">249 p. : </subfield>
      <subfield code="b">il. ; </subfield>
      <subfield code="a">388 p. : </subfield>
      <subfield code="b">il. ; </subfield>
    </datafield>
    <datafield tag="440" ind1=" " ind2=" ">
      <subfield code="a">Colección de bolsillo</subfield>
      <subfield code="a">Colección abya yala</subfield>
      <subfield code="a">Colección desafíos del siglo XXI</subfield>
      <subfield code="a">Contribución INIDEP</subfield>
      <subfield code="v">1129</subfield>
    </datafield>
    <datafield tag="490" ind1=" " ind2=" ">
      <subfield code="a">Colección de bolsillo</subfield>
      <subfield code="a">Colección abya yala</subfield>
      <subfield code="a">Colección desafíos del siglo XXI</subfield>
      <subfield code="a">Contribución INIDEP</subfield>
      <subfield code="v">1129</subfield>
    </datafield>
    <datafield tag="650" ind1=" " ind2=" ">
      <subfield code="a"> PESCA</subfield>
    </datafield>
    <datafield tag="650" ind1=" " ind2=" ">
      <subfield code="a"> ARGENTINA</subfield>
    </datafield>
    <datafield tag="942" ind1=" " ind2=" ">
      <subfield code="c">BK</subfield>
    </datafield>
    <datafield tag="952" ind1=" " ind2=" ">
      <subfield code="a">BIB_RECT</subfield>
      <subfield code="b">BIB_UASJ</subfield>
      <subfield code="d">2005-08-23</subfield>
      <subfield code="y">BK</subfield>
      <subfield code="p">04-23892</subfield>
      <subfield code="i">04-23892</subfield>
      <subfield code="g">21</subfield>
      <subfield code="o">639.2 S618s</subfield>
      <subfield code="e">Donación</subfield>
      <subfield code="8">CG</subfield>
    </datafield>
  </record>