
  <record>
    <leader>01000aam  22002601a 4500</leader>
    <controlfield tag="001">YPZ5082</controlfield>
    <controlfield tag="003">YPZ</controlfield>
    <controlfield tag="005">200409180000000</controlfield>
    <controlfield tag="008">040918|###########||||||b||||||||||spa|d</controlfield>
    <datafield tag="020" ind1=" " ind2=" ">
      <subfield code="a">9879628861</subfield>
    </datafield>
    <datafield tag="040" ind1=" " ind2=" ">
      <subfield code="c">SIUNPA</subfield>
    </datafield>
    <datafield tag="041" ind1=" " ind2=" ">
      <subfield code="a">spa</subfield>
    </datafield>
    <datafield tag="044" ind1=" " ind2=" ">
      <subfield code="a">AR</subfield>
    </datafield>
    <datafield tag="080" ind1=" " ind2=" ">
      <subfield code="a">004 C749a7</subfield>
    </datafield>
    <datafield tag="110" ind1=" " ind2=" ">
      <subfield code="a">Congreso Argentino de Ciencias de la Computación (7 : 2001 : El Calafate).</subfield>
    </datafield>
    <datafield tag="710" ind1=" " ind2=" ">
      <subfield code="a">Workshop de Agentes y Sistemas Inteligentes (2 : 2001 : El Calafate).</subfield>
    </datafield>
    <datafield tag="710" ind1=" " ind2=" ">
      <subfield code="a">Workshop de Procesamiento Distribuido y Paralelo (2 : 2001 : El Calafate).</subfield>
    </datafield>
    <datafield tag="710" ind1=" " ind2=" ">
      <subfield code="a">Ateneo de Profesores Universitarios d.</subfield>
    </datafield>
    <datafield tag="245" ind1=" " ind2=" ">
      <subfield code="a">7mo. Congreso argentino de ciencias de la computación</subfield>
    </datafield>
    <datafield tag="250" ind1=" " ind2=" ">
      <subfield code="a">1a ed.</subfield>
    </datafield>
    <datafield tag="260" ind1=" " ind2=" ">
      <subfield code="a">Caleta Olivia</subfield>
      <subfield code="b"> : RedUNCI</subfield>
      <subfield code="b"> : Unidad Académica Caleta Olivia, UNPA</subfield>
      <subfield code="c"> , 2001</subfield>
    </datafield>
    <datafield tag="500" ind1=" " ind2=" ">
      <subfield code="a">Subtítulos en v. 2: 2do. Workshop de Agentes y Sistemas Inteligentes. 2do. Workshop de Procesamiento Distribuido y Paralelo. 9no. Ateneo de Profesores Universitarios de Computación. 5ta. Escuela Internacional de Informática CACIC. 4to. Encuentro de Tesistas de Postgrado. 1er. Encuentro de Aplicaciones de Internet II</subfield>
    </datafield>
    <datafield tag="650" ind1=" " ind2=" ">
      <subfield code="a"> INFORMATICA</subfield>
    </datafield>
    <datafield tag="650" ind1=" " ind2=" ">
      <subfield code="a"> INTELIGENCIA ARTIFICIAL</subfield>
    </datafield>
    <datafield tag="650" ind1=" " ind2=" ">
      <subfield code="a"> PROGRAMACION DE COMPUTADORA</subfield>
    </datafield>
    <datafield tag="942" ind1=" " ind2=" ">
      <subfield code="c">BK</subfield>
    </datafield>
    <datafield tag="952" ind1=" " ind2=" ">
      <subfield code="a">BIB_RECT</subfield>
      <subfield code="b">BIB_UACO</subfield>
      <subfield code="d">2005-08-23</subfield>
      <subfield code="y">BK</subfield>
      <subfield code="p">02-25261</subfield>
      <subfield code="i">02-25261</subfield>
      <subfield code="g">30</subfield>
      <subfield code="o">004 C749a7</subfield>
      <subfield code="e">Secretaría de Extens</subfield>
      <subfield code="8">CG</subfield>
    </datafield>
    <datafield tag="952" ind1=" " ind2=" ">
      <subfield code="a">BIB_RECT</subfield>
      <subfield code="b">BIB_UACO</subfield>
      <subfield code="d">2005-08-23</subfield>
      <subfield code="y">BK</subfield>
      <subfield code="p">02-25262</subfield>
      <subfield code="i">02-25262</subfield>
      <subfield code="g">30</subfield>
      <subfield code="o">004 C749a7</subfield>
      <subfield code="e">Secretaría de Extens</subfield>
      <subfield code="8">CG</subfield>
    </datafield>
  </record>