
  <record>
    <leader>01000aam  22002601a 4500</leader>
    <controlfield tag="001">YPZ5083</controlfield>
    <controlfield tag="003">YPZ</controlfield>
    <controlfield tag="005">200504140000000</controlfield>
    <controlfield tag="008">050414|###########||||||b||||||||||spa|d</controlfield>
    <datafield tag="020" ind1=" " ind2=" ">
      <subfield code="a">987962887X</subfield>
    </datafield>
    <datafield tag="040" ind1=" " ind2=" ">
      <subfield code="c">SIUNPA</subfield>
    </datafield>
    <datafield tag="041" ind1=" " ind2=" ">
      <subfield code="a">spa</subfield>
    </datafield>
    <datafield tag="044" ind1=" " ind2=" ">
      <subfield code="a">AR</subfield>
    </datafield>
    <datafield tag="080" ind1=" " ind2=" ">
      <subfield code="a">821.134.2(82).09 C749e12</subfield>
    </datafield>
    <datafield tag="110" ind1=" " ind2=" ">
      <subfield code="a">Congreso Nacional de Literatura Argentina (12 : 2003 : Río Gallegos).</subfield>
    </datafield>
    <datafield tag="245" ind1=" " ind2=" ">
      <subfield code="a">Encuentro de la literatura argentina con el discurso crítico</subfield>
      <subfield code="c"> / Arpes, Marcela, comp. ; Ricaud, Nora, comp.</subfield>
    </datafield>
    <datafield tag="250" ind1=" " ind2=" ">
      <subfield code="a">1a ed.</subfield>
    </datafield>
    <datafield tag="260" ind1=" " ind2=" ">
      <subfield code="a">Río Gallegos</subfield>
      <subfield code="b"> : UNPA</subfield>
      <subfield code="c"> , 2005</subfield>
    </datafield>
    <datafield tag="300" ind1=" " ind2=" ">
      <subfield code="a">2 v. : </subfield>
      <subfield code="b">il. ; </subfield>
      <subfield code="a">2 v. : </subfield>
      <subfield code="b">il. ; </subfield>
      <subfield code="a">791 p. : </subfield>
    </datafield>
    <datafield tag="650" ind1=" " ind2=" ">
      <subfield code="a"> LITERATURA ARGENTINA</subfield>
    </datafield>
    <datafield tag="650" ind1=" " ind2=" ">
      <subfield code="a"> CRITICA LITERARIA</subfield>
    </datafield>
    <datafield tag="942" ind1=" " ind2=" ">
      <subfield code="c">BK</subfield>
    </datafield>
    <datafield tag="952" ind1=" " ind2=" ">
      <subfield code="a">BIB_RECT</subfield>
      <subfield code="b">BIB_UACO</subfield>
      <subfield code="d">2005-08-23</subfield>
      <subfield code="y">BK</subfield>
      <subfield code="p">02-27556</subfield>
      <subfield code="i">02-27556</subfield>
      <subfield code="g">50</subfield>
      <subfield code="o">821.134.2(82).09 C749e12</subfield>
      <subfield code="e">Secretaría de Extens</subfield>
      <subfield code="8">CG</subfield>
    </datafield>
    <datafield tag="952" ind1=" " ind2=" ">
      <subfield code="a">BIB_RECT</subfield>
      <subfield code="b">BIB_UART</subfield>
      <subfield code="d">2005-08-23</subfield>
      <subfield code="y">BK</subfield>
      <subfield code="p">03-27553</subfield>
      <subfield code="i">03-27553</subfield>
      <subfield code="g">50</subfield>
      <subfield code="o">821.134.2(82).09 C749e12</subfield>
      <subfield code="e">Secretaría de Extens</subfield>
      <subfield code="8">CG</subfield>
    </datafield>
    <datafield tag="952" ind1=" " ind2=" ">
      <subfield code="a">BIB_RECT</subfield>
      <subfield code="b">BIB_UASJ</subfield>
      <subfield code="d">2005-08-23</subfield>
      <subfield code="y">BK</subfield>
      <subfield code="p">04-27555</subfield>
      <subfield code="i">04-27555</subfield>
      <subfield code="g">50</subfield>
      <subfield code="o">821.134.2(82).09 C749e12</subfield>
      <subfield code="e">Secretaría de Extens</subfield>
      <subfield code="8">CG</subfield>
    </datafield>
    <datafield tag="952" ind1=" " ind2=" ">
      <subfield code="a">BIB_RECT</subfield>
      <subfield code="b">BIB_UARG</subfield>
      <subfield code="d">2005-08-23</subfield>
      <subfield code="y">BK</subfield>
      <subfield code="p">05-27554</subfield>
      <subfield code="i">05-27554</subfield>
      <subfield code="g">50</subfield>
      <subfield code="o">821.134.2(82).09 C749e12</subfield>
      <subfield code="e">Secretaría de Extens</subfield>
      <subfield code="8">CG</subfield>
    </datafield>
    <datafield tag="952" ind1=" " ind2=" ">
      <subfield code="a">BIB_RECT</subfield>
      <subfield code="b">SAT_TRUN</subfield>
      <subfield code="d">2005-08-23</subfield>
      <subfield code="y">BK</subfield>
      <subfield code="p">10-27559</subfield>
      <subfield code="i">10-27559</subfield>
      <subfield code="g">50</subfield>
      <subfield code="o">821.134.2(82).09 C749e12</subfield>
      <subfield code="e">Secretaría de Extens</subfield>
      <subfield code="8">CG</subfield>
    </datafield>
    <datafield tag="952" ind1=" " ind2=" ">
      <subfield code="a">BIB_RECT</subfield>
      <subfield code="b">SAT_PBNA</subfield>
      <subfield code="d">2005-08-23</subfield>
      <subfield code="y">BK</subfield>
      <subfield code="p">11-27557</subfield>
      <subfield code="i">11-27557</subfield>
      <subfield code="g">50</subfield>
      <subfield code="o">821.134.2(82).09 C749e12</subfield>
      <subfield code="e">Secretaría de Extens</subfield>
      <subfield code="8">CG</subfield>
    </datafield>
    <datafield tag="952" ind1=" " ind2=" ">
      <subfield code="a">BIB_RECT</subfield>
      <subfield code="b">SAT_CLFT</subfield>
      <subfield code="d">2005-08-23</subfield>
      <subfield code="y">BK</subfield>
      <subfield code="p">12-27558</subfield>
      <subfield code="i">12-27558</subfield>
      <subfield code="g">50</subfield>
      <subfield code="o">821.134.2(82).09 C749e12</subfield>
      <subfield code="e">Secretaría de Extens</subfield>
      <subfield code="8">CG</subfield>
    </datafield>
    <datafield tag="952" ind1=" " ind2=" ">
      <subfield code="a">BIB_RECT</subfield>
      <subfield code="b">SAT_PMDN </subfield>
      <subfield code="d">2005-08-23</subfield>
      <subfield code="y">BK</subfield>
      <subfield code="p">15-27562</subfield>
      <subfield code="i">15-27562</subfield>
      <subfield code="g">50</subfield>
      <subfield code="o">821.134.2(82).09 C749e12</subfield>
      <subfield code="e">Secretaría de Extens</subfield>
      <subfield code="8">CG</subfield>
    </datafield>
    <datafield tag="952" ind1=" " ind2=" ">
      <subfield code="a">BIB_RECT</subfield>
      <subfield code="b">SAT_RGRA</subfield>
      <subfield code="d">2005-08-23</subfield>
      <subfield code="y">BK</subfield>
      <subfield code="p">17-27561</subfield>
      <subfield code="i">17-27561</subfield>
      <subfield code="g">50</subfield>
      <subfield code="o">821.134.2(82).09 C749e12</subfield>
      <subfield code="e">Secretaría de Extens</subfield>
      <subfield code="8">CG</subfield>
    </datafield>
    <datafield tag="952" ind1=" " ind2=" ">
      <subfield code="a">BIB_RECT</subfield>
      <subfield code="b">SAT_GREG</subfield>
      <subfield code="d">2005-08-23</subfield>
      <subfield code="y">BK</subfield>
      <subfield code="p">18-27560</subfield>
      <subfield code="i">18-27560</subfield>
      <subfield code="g">50</subfield>
      <subfield code="o">821.134.2(82).09 C749e12</subfield>
      <subfield code="e">Secretaría de Extens</subfield>
      <subfield code="8">CG</subfield>
    </datafield>
  </record>