
  <record>
    <leader>01000aam  22002601a 4500</leader>
    <controlfield tag="001">YPZ5128</controlfield>
    <controlfield tag="003">YPZ</controlfield>
    <controlfield tag="005">200411300000000</controlfield>
    <controlfield tag="008">041130|###########||||||b||||||||||spa|d</controlfield>
    <datafield tag="020" ind1=" " ind2=" ">
      <subfield code="a">987993752X</subfield>
    </datafield>
    <datafield tag="040" ind1=" " ind2=" ">
      <subfield code="c">SIUNPA</subfield>
    </datafield>
    <datafield tag="041" ind1=" " ind2=" ">
      <subfield code="a">spa</subfield>
    </datafield>
    <datafield tag="044" ind1=" " ind2=" ">
      <subfield code="a">AR</subfield>
    </datafield>
    <datafield tag="080" ind1=" " ind2=" ">
      <subfield code="a">336.22 B643b</subfield>
    </datafield>
    <datafield tag="245" ind1=" " ind2=" ">
      <subfield code="a">Blanqueo impositivo y regulación previsional</subfield>
      <subfield code="b"> : decretos 932/93 y 933/93. Decreto 333/93. resoluciones generales 3686 y 3687/93. Cuestionarios</subfield>
    </datafield>
    <datafield tag="260" ind1=" " ind2=" ">
      <subfield code="a">Buenos Aires</subfield>
      <subfield code="b"> : Bureau</subfield>
      <subfield code="c"> , 1993</subfield>
    </datafield>
    <datafield tag="440" ind1=" " ind2=" ">
      <subfield code="a">Capítulos de psicomotricidad</subfield>
      <subfield code="a">Biblioteca Pymes</subfield>
      <subfield code="a">Sociología y política</subfield>
      <subfield code="a">Biblioteca del pensamiento socialista. Serie los clásicos</subfield>
      <subfield code="a">Nueva criminología y derecho</subfield>
      <subfield code="a">Educación</subfield>
      <subfield code="a">Serie Documentos de Extensión</subfield>
      <subfield code="a">Colección entre didáctica y metodología. Ciencias económicas</subfield>
      <subfield code="a">Carpeta práctica de impuestos</subfield>
      <subfield code="v">2</subfield>
    </datafield>
    <datafield tag="490" ind1=" " ind2=" ">
      <subfield code="a">Capítulos de psicomotricidad</subfield>
      <subfield code="a">Biblioteca Pymes</subfield>
      <subfield code="a">Sociología y política</subfield>
      <subfield code="a">Biblioteca del pensamiento socialista. Serie los clásicos</subfield>
      <subfield code="a">Nueva criminología y derecho</subfield>
      <subfield code="a">Educación</subfield>
      <subfield code="a">Serie Documentos de Extensión</subfield>
      <subfield code="a">Colección entre didáctica y metodología. Ciencias económicas</subfield>
      <subfield code="a">Carpeta práctica de impuestos</subfield>
      <subfield code="v">2</subfield>
    </datafield>
    <datafield tag="650" ind1=" " ind2=" ">
      <subfield code="a"> DERECHO TRIBUTARIO  DECRETO 933/93</subfield>
    </datafield>
    <datafield tag="650" ind1=" " ind2=" ">
      <subfield code="a"> IMPUESTOS </subfield>
    </datafield>
    <datafield tag="650" ind1=" " ind2=" ">
      <subfield code="a"> DECRETO 333/93</subfield>
    </datafield>
    <datafield tag="650" ind1=" " ind2=" ">
      <subfield code="a"> DEUDA TRIBUTARIA </subfield>
    </datafield>
    <datafield tag="650" ind1=" " ind2=" ">
      <subfield code="a"> RESOLUCIONES GENERALES 3686 Y 3687/93</subfield>
    </datafield>
    <datafield tag="650" ind1=" " ind2=" ">
      <subfield code="a"> LEGISLACION </subfield>
    </datafield>
    <datafield tag="650" ind1=" " ind2=" ">
      <subfield code="a"> ARGENTINA</subfield>
    </datafield>
    <datafield tag="650" ind1=" " ind2=" ">
      <subfield code="a"> DECRETO 932/93</subfield>
    </datafield>
    <datafield tag="942" ind1=" " ind2=" ">
      <subfield code="c">BK</subfield>
    </datafield>
    <datafield tag="952" ind1=" " ind2=" ">
      <subfield code="a">BIB_RECT</subfield>
      <subfield code="b">BIB_UACO</subfield>
      <subfield code="d">2005-08-23</subfield>
      <subfield code="y">BK</subfield>
      <subfield code="p">02-26173</subfield>
      <subfield code="i">02-26173</subfield>
      <subfield code="g">15</subfield>
      <subfield code="o">336.22 B643b</subfield>
      <subfield code="e">Donación</subfield>
      <subfield code="8">CG</subfield>
    </datafield>
  </record>