
  <record>
    <leader>01000aam  22002601a 4500</leader>
    <controlfield tag="001">YPZ5171</controlfield>
    <controlfield tag="003">YPZ</controlfield>
    <controlfield tag="005">200508311558590</controlfield>
    <controlfield tag="008">050831|###########||||||b||||||||||spa|d</controlfield>
    <datafield tag="020" ind1=" " ind2=" ">
      <subfield code="a">8479039310</subfield>
    </datafield>
    <datafield tag="040" ind1=" " ind2=" ">
      <subfield code="c">SIUNPA</subfield>
    </datafield>
    <datafield tag="041" ind1=" " ind2=" ">
      <subfield code="a">spa</subfield>
    </datafield>
    <datafield tag="044" ind1=" " ind2=" ">
      <subfield code="a">ES</subfield>
    </datafield>
    <datafield tag="080" ind1=" " ind2=" ">
      <subfield code="a">616.89-008.47 S728c</subfield>
    </datafield>
    <datafield tag="100" ind1=" " ind2=" ">
      <subfield code="a">Soutullo Esperón, César.</subfield>
    </datafield>
    <datafield tag="245" ind1=" " ind2=" ">
      <subfield code="a">Convivir con niños y adolescentes con Trastorno por Déficit de Atención e Hiperactividad (TDAH)</subfield>
      <subfield code="c"> / Bejega, Javier, il.</subfield>
    </datafield>
    <datafield tag="260" ind1=" " ind2=" ">
      <subfield code="a">Madrid</subfield>
      <subfield code="b"> : Médica Panamericana</subfield>
      <subfield code="c"> , 2004</subfield>
    </datafield>
    <datafield tag="650" ind1=" " ind2=" ">
      <subfield code="a"> TRASTORNOS DE LA ATENCION</subfield>
    </datafield>
    <datafield tag="650" ind1=" " ind2=" ">
      <subfield code="a"> TRATAMIENTO PSICOLOGICO</subfield>
    </datafield>
    <datafield tag="650" ind1=" " ind2=" ">
      <subfield code="a"> TRATAMIENTO CLINICO</subfield>
    </datafield>
    <datafield tag="650" ind1=" " ind2=" ">
      <subfield code="a"> NIÑOS</subfield>
    </datafield>
    <datafield tag="650" ind1=" " ind2=" ">
      <subfield code="a"> ADOLESCENTES</subfield>
    </datafield>
    <datafield tag="942" ind1=" " ind2=" ">
      <subfield code="c">BK</subfield>
    </datafield>
    <datafield tag="952" ind1=" " ind2=" ">
      <subfield code="a">BIB_RECT</subfield>
      <subfield code="b">BIB_UACO</subfield>
      <subfield code="d">2005-08-24</subfield>
      <subfield code="y">BK</subfield>
      <subfield code="p">02-28799</subfield>
      <subfield code="i">02-28799</subfield>
      <subfield code="g">21</subfield>
      <subfield code="o">616.89-008.47 S728c</subfield>
      <subfield code="e">SIUNPA</subfield>
      <subfield code="8">CG</subfield>
    </datafield>
    <datafield tag="952" ind1=" " ind2=" ">
      <subfield code="a">BIB_RECT</subfield>
      <subfield code="b">BIB_UACO</subfield>
      <subfield code="d">2005-08-21</subfield>
      <subfield code="y">BK</subfield>
      <subfield code="p">02-28800</subfield>
      <subfield code="i">02-28800</subfield>
      <subfield code="g">21</subfield>
      <subfield code="o">616.89-008.47 S728c</subfield>
      <subfield code="e">SIUNPA</subfield>
      <subfield code="8">CG</subfield>
    </datafield>
    <datafield tag="952" ind1=" " ind2=" ">
      <subfield code="a">BIB_RECT</subfield>
      <subfield code="b">BIB_UACO</subfield>
      <subfield code="d">2005-08-21</subfield>
      <subfield code="y">BK</subfield>
      <subfield code="p">02-28801</subfield>
      <subfield code="i">02-28801</subfield>
      <subfield code="g">21</subfield>
      <subfield code="o">616.89-008.47 S728c</subfield>
      <subfield code="e">SIUNPA</subfield>
      <subfield code="8">CG</subfield>
    </datafield>
    <datafield tag="952" ind1=" " ind2=" ">
      <subfield code="a">BIB_RECT</subfield>
      <subfield code="b">BIB_UACO</subfield>
      <subfield code="d">2005-08-21</subfield>
      <subfield code="y">BK</subfield>
      <subfield code="p">02-28802</subfield>
      <subfield code="i">02-28802</subfield>
      <subfield code="g">21</subfield>
      <subfield code="o">616.89-008.47 S728c</subfield>
      <subfield code="e">SIUNPA</subfield>
      <subfield code="8">CG</subfield>
    </datafield>
    <datafield tag="952" ind1=" " ind2=" ">
      <subfield code="a">BIB_RECT</subfield>
      <subfield code="b">BIB_UACO</subfield>
      <subfield code="d">2006-02-16</subfield>
      <subfield code="y">BK</subfield>
      <subfield code="p">02-29749</subfield>
      <subfield code="i">02-29749</subfield>
      <subfield code="g">18.9</subfield>
      <subfield code="o">616.89-008.47 S728c</subfield>
      <subfield code="e">SIUNPA</subfield>
      <subfield code="8">CG</subfield>
    </datafield>
    <datafield tag="952" ind1=" " ind2=" ">
      <subfield code="a">BIB_RECT</subfield>
      <subfield code="b">BIB_UACO</subfield>
      <subfield code="d">2006-02-16</subfield>
      <subfield code="y">BK</subfield>
      <subfield code="p">02-29750</subfield>
      <subfield code="i">02-29750</subfield>
      <subfield code="g">18.9</subfield>
      <subfield code="o">616.89-008.47 S728c</subfield>
      <subfield code="e">SIUNPA</subfield>
      <subfield code="8">CG</subfield>
    </datafield>
  </record>