
  <record>
    <leader>01000aam  22002601a 4500</leader>
    <controlfield tag="001">YPZ5172</controlfield>
    <controlfield tag="003">YPZ</controlfield>
    <controlfield tag="005">200508311711530</controlfield>
    <controlfield tag="008">050831|###########||||||b||||||||||spa|d</controlfield>
    <datafield tag="020" ind1=" " ind2=" ">
      <subfield code="a">9500608693</subfield>
    </datafield>
    <datafield tag="040" ind1=" " ind2=" ">
      <subfield code="c">SIUNPA</subfield>
    </datafield>
    <datafield tag="080" ind1=" " ind2=" ">
      <subfield code="a">591.3 G466b7</subfield>
    </datafield>
    <datafield tag="100" ind1=" " ind2=" ">
      <subfield code="a">Gilbert, Scott F..</subfield>
    </datafield>
    <datafield tag="245" ind1=" " ind2=" ">
      <subfield code="a">Biología del desarrollo</subfield>
      <subfield code="c"> / Ferrán, José Luis, tr. ; Singer, Susan R., colab. ; Tyler, Mary S., autora del vade mecum² ; Kozlowski, Ronald, autor del vade mecum²</subfield>
    </datafield>
    <datafield tag="250" ind1=" " ind2=" ">
      <subfield code="a">7a ed.</subfield>
    </datafield>
    <datafield tag="260" ind1=" " ind2=" ">
      <subfield code="a">Buenos Aires</subfield>
      <subfield code="b"> : Médica Panamericana</subfield>
      <subfield code="c"> , 2005</subfield>
    </datafield>
    <datafield tag="300" ind1=" " ind2=" ">
      <subfield code="a">184 p. : </subfield>
      <subfield code="b">il. ; </subfield>
      <subfield code="a">xii, 109 p. : </subfield>
      <subfield code="a">2 v. : </subfield>
      <subfield code="a">2 v. : </subfield>
      <subfield code="a">2 v. : </subfield>
      <subfield code="a">511 p. : </subfield>
      <subfield code="a">285 p. : </subfield>
      <subfield code="b">il. ; </subfield>
      <subfield code="a">481 p. : </subfield>
      <subfield code="a">2 v. : </subfield>
      <subfield code="a">539 p. : </subfield>
      <subfield code="a">x, 478 p. : </subfield>
      <subfield code="b">il. ; </subfield>
      <subfield code="a">xvi, 976 p. : </subfield>
      <subfield code="b">il. ; </subfield>
      <subfield code="a">xii, 556 p. : </subfield>
      <subfield code="b">il. ; </subfield>
      <subfield code="a">587 p. : </subfield>
      <subfield code="b">il. ; </subfield>
      <subfield code="a">x, 146 p. : </subfield>
      <subfield code="b">il. ; </subfield>
      <subfield code="a">xviii, 881 p. : </subfield>
      <subfield code="b">il. ; </subfield>
      <subfield code="e">1 CD-ROM en bolsillo</subfield>
    </datafield>
    <datafield tag="500" ind1=" " ind2=" ">
      <subfield code="a">Con un capítulo sobre el desarrollo de plantas por Susan R. Singer</subfield>
    </datafield>
    <datafield tag="500" ind1=" " ind2=" ">
      <subfield code="a">Contenido del CD-ROM: vade mecum², una guía interactiva para el estudio de la biología del desarrollo / Mary S. Tyler y Ronald Kozlowski</subfield>
    </datafield>
    <datafield tag="650" ind1=" " ind2=" ">
      <subfield code="a"> EMBRIOLOGIA</subfield>
    </datafield>
    <datafield tag="650" ind1=" " ind2=" ">
      <subfield code="a"> DESARROLLO EMBRIONARIO</subfield>
    </datafield>
    <datafield tag="650" ind1=" " ind2=" ">
      <subfield code="a"> BIOLOGIA ANIMAL</subfield>
    </datafield>
    <datafield tag="942" ind1=" " ind2=" ">
      <subfield code="c">BK</subfield>
    </datafield>
    <datafield tag="952" ind1=" " ind2=" ">
      <subfield code="a">BIB_RECT</subfield>
      <subfield code="b">BIB_UACO</subfield>
      <subfield code="d">2005-08-24</subfield>
      <subfield code="y">BK</subfield>
      <subfield code="p">02-28795</subfield>
      <subfield code="i">02-28795</subfield>
      <subfield code="g">180</subfield>
      <subfield code="o">591.3 G466b7</subfield>
      <subfield code="e">SIUNPA</subfield>
      <subfield code="8">CG</subfield>
    </datafield>
    <datafield tag="952" ind1=" " ind2=" ">
      <subfield code="a">BIB_RECT</subfield>
      <subfield code="b">BIB_UACO</subfield>
      <subfield code="d">2005-08-24</subfield>
      <subfield code="y">BK</subfield>
      <subfield code="p">02-28796</subfield>
      <subfield code="i">02-28796</subfield>
      <subfield code="g">180</subfield>
      <subfield code="o">591.3 G466b7</subfield>
      <subfield code="e">SIUNPA</subfield>
      <subfield code="8">CG</subfield>
    </datafield>
  </record>