
  <record>
    <leader>01000aam  22002601a 4500</leader>
    <controlfield tag="001">YPZ5188</controlfield>
    <controlfield tag="003">YPZ</controlfield>
    <controlfield tag="005">200509011658580</controlfield>
    <controlfield tag="008">050901|###########||||||b||||||||||spa|d</controlfield>
    <datafield tag="020" ind1=" " ind2=" ">
      <subfield code="a">8460009114</subfield>
    </datafield>
    <datafield tag="040" ind1=" " ind2=" ">
      <subfield code="c">SIUNPA</subfield>
    </datafield>
    <datafield tag="041" ind1=" " ind2=" ">
      <subfield code="a">ara</subfield>
      <subfield code="a">spa</subfield>
    </datafield>
    <datafield tag="044" ind1=" " ind2=" ">
      <subfield code="a">ES</subfield>
    </datafield>
    <datafield tag="080" ind1=" " ind2=" ">
      <subfield code="a">821.134.2</subfield>
    </datafield>
    <datafield tag="100" ind1=" " ind2=" ">
      <subfield code="a">Rojas, Fernando de.</subfield>
    </datafield>
    <datafield tag="245" ind1=" " ind2=" ">
      <subfield code="a">La Celestina</subfield>
      <subfield code="c"> / Sobh, Mahmud, tr.</subfield>
    </datafield>
    <datafield tag="260" ind1=" " ind2=" ">
      <subfield code="a">Madrid</subfield>
      <subfield code="b"> : Instituto Hispano-Árabe de Cultura</subfield>
      <subfield code="c"> , 1977</subfield>
    </datafield>
    <datafield tag="440" ind1=" " ind2=" ">
      <subfield code="a">Psicología y Etología</subfield>
      <subfield code="a">Sección de obras de sociología</subfield>
      <subfield code="a">Nueva historia argentina</subfield>
      <subfield code="a">Colección Convivir con</subfield>
      <subfield code="a">Management</subfield>
      <subfield code="a">Management</subfield>
      <subfield code="a">Management master</subfield>
      <subfield code="a">Management. Estrategia</subfield>
      <subfield code="a">Saberes básicos para la universidad</subfield>
      <subfield code="a">Management</subfield>
      <subfield code="a">Clásicos Hispanos</subfield>
      <subfield code="v">4</subfield>
    </datafield>
    <datafield tag="490" ind1=" " ind2=" ">
      <subfield code="a">Psicología y Etología</subfield>
      <subfield code="a">Sección de obras de sociología</subfield>
      <subfield code="a">Nueva historia argentina</subfield>
      <subfield code="a">Colección Convivir con</subfield>
      <subfield code="a">Management</subfield>
      <subfield code="a">Management</subfield>
      <subfield code="a">Management master</subfield>
      <subfield code="a">Management. Estrategia</subfield>
      <subfield code="a">Saberes básicos para la universidad</subfield>
      <subfield code="a">Management</subfield>
      <subfield code="a">Clásicos Hispanos</subfield>
      <subfield code="v">4</subfield>
    </datafield>
    <datafield tag="500" ind1=" " ind2=" ">
      <subfield code="a">Edición en árabe</subfield>
    </datafield>
    <datafield tag="650" ind1=" " ind2=" ">
      <subfield code="a"> LITERATURA ESPAÑOLA</subfield>
    </datafield>
    <datafield tag="650" ind1=" " ind2=" ">
      <subfield code="a"> TEATRO ESPAÑOL</subfield>
    </datafield>
    <datafield tag="942" ind1=" " ind2=" ">
      <subfield code="c">BK</subfield>
    </datafield>
    <datafield tag="952" ind1=" " ind2=" ">
      <subfield code="a">BIB_RECT</subfield>
      <subfield code="b">BIB_UARG</subfield>
      <subfield code="d">2005-09-23</subfield>
      <subfield code="y">BK</subfield>
      <subfield code="p">05-28785</subfield>
      <subfield code="i">05-28785</subfield>
      <subfield code="g">35</subfield>
      <subfield code="o">821.134.2</subfield>
      <subfield code="e">Donación España</subfield>
      <subfield code="8">CG</subfield>
    </datafield>
  </record>