
  <record>
    <leader>01000aam  22002601a 4500</leader>
    <controlfield tag="001">YPZ5202</controlfield>
    <controlfield tag="003">YPZ</controlfield>
    <controlfield tag="005">200509121350430</controlfield>
    <controlfield tag="008">050912|###########||||||b||||||||||spa|d</controlfield>
    <datafield tag="020" ind1=" " ind2=" ">
      <subfield code="a">950126520X</subfield>
    </datafield>
    <datafield tag="040" ind1=" " ind2=" ">
      <subfield code="c">SIUNPA</subfield>
    </datafield>
    <datafield tag="041" ind1=" " ind2=" ">
      <subfield code="a">spa</subfield>
    </datafield>
    <datafield tag="044" ind1=" " ind2=" ">
      <subfield code="a">AR</subfield>
    </datafield>
    <datafield tag="080" ind1=" " ind2=" ">
      <subfield code="a">316.75 Z824e</subfield>
    </datafield>
    <datafield tag="100" ind1=" " ind2=" ">
      <subfield code="a">Zizek, Slavoj.</subfield>
    </datafield>
    <datafield tag="245" ind1=" " ind2=" ">
      <subfield code="a">El espinoso sujeto</subfield>
      <subfield code="b"> : el centro ausente de la ontología política</subfield>
      <subfield code="c"> / Piatigorsky, Jorge, tr.</subfield>
    </datafield>
    <datafield tag="260" ind1=" " ind2=" ">
      <subfield code="a">Buenos Aires</subfield>
      <subfield code="b"> : Paidós</subfield>
      <subfield code="c"> , 2001</subfield>
    </datafield>
    <datafield tag="440" ind1=" " ind2=" ">
      <subfield code="a">Studi Bompiani. Il campo semiotico</subfield>
      <subfield code="a">Poetas hispanoamericanos de ayer y de hoy</subfield>
      <subfield code="a">Poetas Hispanoamericanos de ayer y de hoy</subfield>
      <subfield code="a">Estudios literarios</subfield>
      <subfield code="a">Espacios del saber</subfield>
      <subfield code="v">20</subfield>
    </datafield>
    <datafield tag="490" ind1=" " ind2=" ">
      <subfield code="a">Studi Bompiani. Il campo semiotico</subfield>
      <subfield code="a">Poetas hispanoamericanos de ayer y de hoy</subfield>
      <subfield code="a">Poetas Hispanoamericanos de ayer y de hoy</subfield>
      <subfield code="a">Estudios literarios</subfield>
      <subfield code="a">Espacios del saber</subfield>
      <subfield code="v">20</subfield>
    </datafield>
    <datafield tag="650" ind1=" " ind2=" ">
      <subfield code="a"> IDEOLOGIA</subfield>
    </datafield>
    <datafield tag="650" ind1=" " ind2=" ">
      <subfield code="a"> POLITICA</subfield>
    </datafield>
    <datafield tag="650" ind1=" " ind2=" ">
      <subfield code="a"> FILOSOFIA POLITICA</subfield>
    </datafield>
    <datafield tag="650" ind1=" " ind2=" ">
      <subfield code="a"> TEORIAS PSICOLOGICAS</subfield>
    </datafield>
    <datafield tag="942" ind1=" " ind2=" ">
      <subfield code="c">BK</subfield>
    </datafield>
    <datafield tag="952" ind1=" " ind2=" ">
      <subfield code="a">BIB_RECT</subfield>
      <subfield code="b">BIB_UARG</subfield>
      <subfield code="d">2005-08-19</subfield>
      <subfield code="y">BK</subfield>
      <subfield code="p">05-28747</subfield>
      <subfield code="i">05-28747</subfield>
      <subfield code="g">32</subfield>
      <subfield code="o">316.75 Z824e</subfield>
      <subfield code="e">Pi29/A099</subfield>
      <subfield code="8">CG</subfield>
    </datafield>
  </record>