
  <record>
    <leader>01000aam  22002601a 4500</leader>
    <controlfield tag="001">YPZ5244</controlfield>
    <controlfield tag="003">YPZ</controlfield>
    <controlfield tag="005">200509221348590</controlfield>
    <controlfield tag="008">050922|###########||||||b||||||||||spa|d</controlfield>
    <datafield tag="020" ind1=" " ind2=" ">
      <subfield code="a">8475224067</subfield>
    </datafield>
    <datafield tag="040" ind1=" " ind2=" ">
      <subfield code="c">SIUNPA</subfield>
    </datafield>
    <datafield tag="041" ind1=" " ind2=" ">
      <subfield code="a">spa</subfield>
    </datafield>
    <datafield tag="044" ind1=" " ind2=" ">
      <subfield code="a">ES</subfield>
    </datafield>
    <datafield tag="080" ind1=" " ind2=" ">
      <subfield code="a">821.134.2(85) V293c</subfield>
    </datafield>
    <datafield tag="100" ind1=" " ind2=" ">
      <subfield code="a">Varela, Blanca.</subfield>
    </datafield>
    <datafield tag="245" ind1=" " ind2=" ">
      <subfield code="a">Como Dios en la nada</subfield>
      <subfield code="b"> : (antología 1949-1998)</subfield>
      <subfield code="c"> / Méndez, José, selección y pról.</subfield>
    </datafield>
    <datafield tag="260" ind1=" " ind2=" ">
      <subfield code="a">Madrid</subfield>
      <subfield code="b"> : Visor</subfield>
      <subfield code="c"> , 1999</subfield>
    </datafield>
    <datafield tag="440" ind1=" " ind2=" ">
      <subfield code="a">Teatro</subfield>
      <subfield code="a">Serie Ciencia y técnica / Eudelar</subfield>
      <subfield code="a">Teatro</subfield>
      <subfield code="a">Teatro</subfield>
      <subfield code="a">Teatro</subfield>
      <subfield code="a">Antología del pensamiento político social y económico de América Latina</subfield>
      <subfield code="a">Literatura</subfield>
      <subfield code="a">Visor de poesía</subfield>
      <subfield code="v">406</subfield>
    </datafield>
    <datafield tag="490" ind1=" " ind2=" ">
      <subfield code="a">Teatro</subfield>
      <subfield code="a">Serie Ciencia y técnica / Eudelar</subfield>
      <subfield code="a">Teatro</subfield>
      <subfield code="a">Teatro</subfield>
      <subfield code="a">Teatro</subfield>
      <subfield code="a">Antología del pensamiento político social y económico de América Latina</subfield>
      <subfield code="a">Literatura</subfield>
      <subfield code="a">Visor de poesía</subfield>
      <subfield code="v">406</subfield>
    </datafield>
    <datafield tag="650" ind1=" " ind2=" ">
      <subfield code="a"> LITERATURA PERUANA</subfield>
    </datafield>
    <datafield tag="650" ind1=" " ind2=" ">
      <subfield code="a"> POESIA</subfield>
    </datafield>
    <datafield tag="942" ind1=" " ind2=" ">
      <subfield code="c">BK</subfield>
    </datafield>
    <datafield tag="952" ind1=" " ind2=" ">
      <subfield code="a">BIB_RECT</subfield>
      <subfield code="b">BIB_UACO</subfield>
      <subfield code="d">2005-08-23</subfield>
      <subfield code="y">BK</subfield>
      <subfield code="p">02-28773</subfield>
      <subfield code="i">02-28773</subfield>
      <subfield code="g">20</subfield>
      <subfield code="o">821.134.2(85) V293c</subfield>
      <subfield code="e">Donación España</subfield>
      <subfield code="8">CG</subfield>
    </datafield>
  </record>