
  <record>
    <leader>01000aam  22002601a 4500</leader>
    <controlfield tag="001">YPZ5319</controlfield>
    <controlfield tag="003">YPZ</controlfield>
    <controlfield tag="005">200510121110380</controlfield>
    <controlfield tag="008">051012|###########||||||b||||||||||spa|d</controlfield>
    <datafield tag="020" ind1=" " ind2=" ">
      <subfield code="a">8477744130</subfield>
    </datafield>
    <datafield tag="040" ind1=" " ind2=" ">
      <subfield code="c">SIUNPA</subfield>
    </datafield>
    <datafield tag="041" ind1=" " ind2=" ">
      <subfield code="a">spa</subfield>
    </datafield>
    <datafield tag="044" ind1=" " ind2=" ">
      <subfield code="a">ES</subfield>
    </datafield>
    <datafield tag="080" ind1=" " ind2=" ">
      <subfield code="a">81'23 L967c3</subfield>
    </datafield>
    <datafield tag="100" ind1=" " ind2=" ">
      <subfield code="a">Luria, A.R..</subfield>
    </datafield>
    <datafield tag="245" ind1=" " ind2=" ">
      <subfield code="a">Conciencia y lenguaje</subfield>
      <subfield code="c"> / Shuare, Marta, tr.</subfield>
    </datafield>
    <datafield tag="250" ind1=" " ind2=" ">
      <subfield code="a">3a ed.</subfield>
    </datafield>
    <datafield tag="260" ind1=" " ind2=" ">
      <subfield code="a">Madrid</subfield>
      <subfield code="b"> : Visor</subfield>
      <subfield code="c"> , 1995</subfield>
    </datafield>
    <datafield tag="440" ind1=" " ind2=" ">
      <subfield code="a">Cuerpo, arte y salud. Serie roja</subfield>
      <subfield code="a">Aprendizaje</subfield>
      <subfield code="v">13</subfield>
    </datafield>
    <datafield tag="490" ind1=" " ind2=" ">
      <subfield code="a">Cuerpo, arte y salud. Serie roja</subfield>
      <subfield code="a">Aprendizaje</subfield>
      <subfield code="v">13</subfield>
    </datafield>
    <datafield tag="650" ind1=" " ind2=" ">
      <subfield code="a"> PSICOLINGÜISTICA</subfield>
    </datafield>
    <datafield tag="650" ind1=" " ind2=" ">
      <subfield code="a"> LENGUAJE</subfield>
    </datafield>
    <datafield tag="650" ind1=" " ind2=" ">
      <subfield code="a"> COMUNICACION VERBAL</subfield>
    </datafield>
    <datafield tag="942" ind1=" " ind2=" ">
      <subfield code="c">BK</subfield>
    </datafield>
    <datafield tag="952" ind1=" " ind2=" ">
      <subfield code="a">BIB_RECT</subfield>
      <subfield code="b">BIB_UART</subfield>
      <subfield code="d">2005-09-21</subfield>
      <subfield code="y">BK</subfield>
      <subfield code="p">03-29038</subfield>
      <subfield code="i">03-29038</subfield>
      <subfield code="g">38</subfield>
      <subfield code="o">81'23 L967c3</subfield>
      <subfield code="e">SIUNPA</subfield>
      <subfield code="8">CG</subfield>
    </datafield>
    <datafield tag="952" ind1=" " ind2=" ">
      <subfield code="a">BIB_RECT</subfield>
      <subfield code="b">BIB_UARG</subfield>
      <subfield code="d">2006-08-28</subfield>
      <subfield code="y">BK</subfield>
      <subfield code="p">05-11957</subfield>
      <subfield code="i">05-11957</subfield>
      <subfield code="g"/>
      <subfield code="o">81'23 L967c3</subfield>
      <subfield code="e">FOMEC 578</subfield>
      <subfield code="8">CG</subfield>
    </datafield>
  </record>