
  <record>
    <leader>01000aam  22002601a 4500</leader>
    <controlfield tag="001">YPZ5347</controlfield>
    <controlfield tag="003">YPZ</controlfield>
    <controlfield tag="005">200510211629030</controlfield>
    <controlfield tag="008">051021|###########||||||b||||||||||spa|d</controlfield>
    <datafield tag="020" ind1=" " ind2=" ">
      <subfield code="a">8475553079 (v.6)</subfield>
    </datafield>
    <datafield tag="040" ind1=" " ind2=" ">
      <subfield code="c">SIUNPA</subfield>
    </datafield>
    <datafield tag="041" ind1=" " ind2=" ">
      <subfield code="a">spa</subfield>
    </datafield>
    <datafield tag="044" ind1=" " ind2=" ">
      <subfield code="a">ES</subfield>
    </datafield>
    <datafield tag="080" ind1=" " ind2=" ">
      <subfield code="a">R(038)=134.2'374.221</subfield>
    </datafield>
    <datafield tag="245" ind1=" " ind2=" ">
      <subfield code="a">Diccionario de sinónimos y antónimos</subfield>
    </datafield>
    <datafield tag="260" ind1=" " ind2=" ">
      <subfield code="a">[Barcelona]</subfield>
      <subfield code="b"> : Nuevo Mundo</subfield>
      <subfield code="c"> , 2001</subfield>
    </datafield>
    <datafield tag="440" ind1=" " ind2=" ">
      <subfield code="a">Educación</subfield>
      <subfield code="a">Serie antropológica</subfield>
      <subfield code="a">Equipo didáctico milenium</subfield>
      <subfield code="a">Equipo didáctico milenium</subfield>
      <subfield code="a">Equipo didáctico Milenium</subfield>
      <subfield code="a">Equipo didáctico milenium</subfield>
      <subfield code="a">Equipo didáctico milenium</subfield>
      <subfield code="a">Equipo didáctico Milenium</subfield>
      <subfield code="v">6</subfield>
    </datafield>
    <datafield tag="490" ind1=" " ind2=" ">
      <subfield code="a">Educación</subfield>
      <subfield code="a">Serie antropológica</subfield>
      <subfield code="a">Equipo didáctico milenium</subfield>
      <subfield code="a">Equipo didáctico milenium</subfield>
      <subfield code="a">Equipo didáctico Milenium</subfield>
      <subfield code="a">Equipo didáctico milenium</subfield>
      <subfield code="a">Equipo didáctico milenium</subfield>
      <subfield code="a">Equipo didáctico Milenium</subfield>
      <subfield code="v">6</subfield>
    </datafield>
    <datafield tag="650" ind1=" " ind2=" ">
      <subfield code="a"> ESPAÑOL</subfield>
    </datafield>
    <datafield tag="650" ind1=" " ind2=" ">
      <subfield code="a"> ANTONIMOS</subfield>
    </datafield>
    <datafield tag="650" ind1=" " ind2=" ">
      <subfield code="a"> SINONIMOS</subfield>
    </datafield>
    <datafield tag="650" ind1=" " ind2=" ">
      <subfield code="a"> DICCIONARIO</subfield>
    </datafield>
    <datafield tag="942" ind1=" " ind2=" ">
      <subfield code="c">BK</subfield>
    </datafield>
    <datafield tag="952" ind1=" " ind2=" ">
      <subfield code="a">BIB_RECT</subfield>
      <subfield code="b">BIB_UASJ</subfield>
      <subfield code="d">2005-10-13</subfield>
      <subfield code="y">BK</subfield>
      <subfield code="p">04-29248</subfield>
      <subfield code="i">04-29248</subfield>
      <subfield code="g">35</subfield>
      <subfield code="o">R(038)=134.2'374.221</subfield>
      <subfield code="e">Programa de Apoyo Escolar - UASJ</subfield>
      <subfield code="8">CR</subfield>
    </datafield>
  </record>