
  <record>
    <leader>01000aam  22002601a 4500</leader>
    <controlfield tag="001">YPZ5443</controlfield>
    <controlfield tag="003">YPZ</controlfield>
    <controlfield tag="005">200511141202260</controlfield>
    <controlfield tag="008">051114|###########||||||b||||||||||spa|d</controlfield>
    <datafield tag="020" ind1=" " ind2=" ">
      <subfield code="a">9788478290499</subfield>
    </datafield>
    <datafield tag="020" ind1=" " ind2=" ">
      <subfield code="a">8478290494</subfield>
    </datafield>
    <datafield tag="040" ind1=" " ind2=" ">
      <subfield code="c">SIUNPA</subfield>
    </datafield>
    <datafield tag="041" ind1=" " ind2=" ">
      <subfield code="a">spa</subfield>
    </datafield>
    <datafield tag="044" ind1=" " ind2=" ">
      <subfield code="a">ES</subfield>
    </datafield>
    <datafield tag="080" ind1=" " ind2=" ">
      <subfield code="a">004.75 C855s3</subfield>
    </datafield>
    <datafield tag="100" ind1=" " ind2=" ">
      <subfield code="a">Coulouris, George.</subfield>
    </datafield>
    <datafield tag="700" ind1=" " ind2=" ">
      <subfield code="a">Dollimore, Jean.</subfield>
    </datafield>
    <datafield tag="700" ind1=" " ind2=" ">
      <subfield code="a">Kindberg, Tim.</subfield>
    </datafield>
    <datafield tag="245" ind1=" " ind2=" ">
      <subfield code="a">Sistemas distribuidos</subfield>
      <subfield code="b"> : conceptos y diseño. Tercera edición</subfield>
      <subfield code="c"> / Pulido Junquera, José Belarmino, tr. ; Sahelices Fernández, Benjamín, tr. ; Vegas Hernández, Jesús  María, tr. ;  Fuente Redondo, Pablo de la, coordinador tr. ; Llamas Bello, César, coordinador tr. ; Dormido Bencomo, Sebastián, rev. técnica</subfield>
    </datafield>
    <datafield tag="250" ind1=" " ind2=" ">
      <subfield code="a">3a ed.</subfield>
    </datafield>
    <datafield tag="260" ind1=" " ind2=" ">
      <subfield code="a">Madrid</subfield>
      <subfield code="b"> : Addison Wesley</subfield>
      <subfield code="c"> , c2001</subfield>
    </datafield>
    <datafield tag="500" ind1=" " ind2=" ">
      <subfield code="a">El año de reimpresión varía según el ejemplar</subfield>
    </datafield>
    <datafield tag="650" ind1=" " ind2=" ">
      <subfield code="a"> SISTEMAS DISTRIBUIDOS</subfield>
    </datafield>
    <datafield tag="650" ind1=" " ind2=" ">
      <subfield code="a"> REDES INFORMATICAS</subfield>
    </datafield>
    <datafield tag="942" ind1=" " ind2=" ">
      <subfield code="c">BK</subfield>
    </datafield>
    <datafield tag="952" ind1=" " ind2=" ">
      <subfield code="a">BIB_RECT</subfield>
      <subfield code="b">BIB_UARG</subfield>
      <subfield code="d">2005-09-26</subfield>
      <subfield code="y">BK</subfield>
      <subfield code="p">05-29163</subfield>
      <subfield code="i">05-29163</subfield>
      <subfield code="g">67</subfield>
      <subfield code="o">004.75 C855s3</subfield>
      <subfield code="e">SIUNPA</subfield>
      <subfield code="8">CG</subfield>
    </datafield>
    <datafield tag="952" ind1=" " ind2=" ">
      <subfield code="a">BIB_RECT</subfield>
      <subfield code="b">BIB_UARG</subfield>
      <subfield code="d">2005-09-26</subfield>
      <subfield code="y">BK</subfield>
      <subfield code="p">05-29164</subfield>
      <subfield code="i">05-29164</subfield>
      <subfield code="g">67</subfield>
      <subfield code="o">004.75 C855s3</subfield>
      <subfield code="e">SIUNPA</subfield>
      <subfield code="8">CG</subfield>
    </datafield>
    <datafield tag="952" ind1=" " ind2=" ">
      <subfield code="a">BIB_RECT</subfield>
      <subfield code="b">BIB_UARG</subfield>
      <subfield code="d">2005-09-26</subfield>
      <subfield code="y">BK</subfield>
      <subfield code="p">05-29165</subfield>
      <subfield code="i">05-29165</subfield>
      <subfield code="g">67</subfield>
      <subfield code="o">004.75 C855s3</subfield>
      <subfield code="e">SIUNPA</subfield>
      <subfield code="8">CG</subfield>
    </datafield>
    <datafield tag="952" ind1=" " ind2=" ">
      <subfield code="a">BIB_RECT</subfield>
      <subfield code="b">BIB_UARG</subfield>
      <subfield code="d">2009-02-19</subfield>
      <subfield code="y">BK</subfield>
      <subfield code="p">05-37141</subfield>
      <subfield code="i">05-37141</subfield>
      <subfield code="g">127.8</subfield>
      <subfield code="o">004.75 C855s3</subfield>
      <subfield code="e">Compra SIUNPA</subfield>
      <subfield code="8">CG</subfield>
    </datafield>
    <datafield tag="952" ind1=" " ind2=" ">
      <subfield code="a">BIB_RECT</subfield>
      <subfield code="b">BIB_UARG</subfield>
      <subfield code="d">2009-02-19</subfield>
      <subfield code="y">BK</subfield>
      <subfield code="p">05-37142</subfield>
      <subfield code="i">05-37142</subfield>
      <subfield code="g">127.8</subfield>
      <subfield code="o">004.75 C855s3</subfield>
      <subfield code="e">Compra SIUNPA</subfield>
      <subfield code="8">CG</subfield>
    </datafield>
    <datafield tag="952" ind1=" " ind2=" ">
      <subfield code="a">BIB_RECT</subfield>
      <subfield code="b">BIB_UARG</subfield>
      <subfield code="d">2009-02-19</subfield>
      <subfield code="y">BK</subfield>
      <subfield code="p">05-37143</subfield>
      <subfield code="i">05-37143</subfield>
      <subfield code="g">127.8</subfield>
      <subfield code="o">004.75 C855s3</subfield>
      <subfield code="e">Compra SIUNPA</subfield>
      <subfield code="8">CG</subfield>
    </datafield>
    <datafield tag="952" ind1=" " ind2=" ">
      <subfield code="a">BIB_RECT</subfield>
      <subfield code="b">BIB_UARG</subfield>
      <subfield code="d">2010-09-03</subfield>
      <subfield code="y">BK</subfield>
      <subfield code="p">05-39815</subfield>
      <subfield code="i">05-39815</subfield>
      <subfield code="g">183.3</subfield>
      <subfield code="o">004.75 C855s3</subfield>
      <subfield code="e">Compra SIUNPA OC 066/10</subfield>
      <subfield code="8">CG</subfield>
    </datafield>
    <datafield tag="952" ind1=" " ind2=" ">
      <subfield code="a">BIB_RECT</subfield>
      <subfield code="b">BIB_UARG</subfield>
      <subfield code="d">2010-09-03</subfield>
      <subfield code="y">BK</subfield>
      <subfield code="p">05-39816</subfield>
      <subfield code="i">05-39816</subfield>
      <subfield code="g">183.3</subfield>
      <subfield code="o">004.75 C855s3</subfield>
      <subfield code="e">Compra SIUNPA OC 066/10</subfield>
      <subfield code="8">CG</subfield>
    </datafield>
  </record>