
  <record>
    <leader>01000aam  22002601a 4500</leader>
    <controlfield tag="001">YPZ5464</controlfield>
    <controlfield tag="003">YPZ</controlfield>
    <controlfield tag="005">200511181600520</controlfield>
    <controlfield tag="008">051118|###########||||||b||||||||||spa|d</controlfield>
    <datafield tag="020" ind1=" " ind2=" ">
      <subfield code="a">8420544590</subfield>
    </datafield>
    <datafield tag="040" ind1=" " ind2=" ">
      <subfield code="c">SIUNPA</subfield>
    </datafield>
    <datafield tag="041" ind1=" " ind2=" ">
      <subfield code="a">spa</subfield>
    </datafield>
    <datafield tag="044" ind1=" " ind2=" ">
      <subfield code="a">ES</subfield>
    </datafield>
    <datafield tag="080" ind1=" " ind2=" ">
      <subfield code="a">004 C579h</subfield>
    </datafield>
    <datafield tag="110" ind1=" " ind2=" ">
      <subfield code="a">Cisco Systems. Cisco Networking Academy Program.</subfield>
    </datafield>
    <datafield tag="245" ind1=" " ind2=" ">
      <subfield code="a">HP fundamentos de tecnología de la información</subfield>
      <subfield code="b"> : hardware y software para PC</subfield>
      <subfield code="c"> / Diaz, José Manuel, tr.</subfield>
    </datafield>
    <datafield tag="250" ind1=" " ind2=" ">
      <subfield code="a">2a ed.</subfield>
    </datafield>
    <datafield tag="260" ind1=" " ind2=" ">
      <subfield code="a">Madrid</subfield>
      <subfield code="b"> : Pearson Educación</subfield>
      <subfield code="c"> , 2005</subfield>
    </datafield>
    <datafield tag="300" ind1=" " ind2=" ">
      <subfield code="a">xxvi, 632 p. : </subfield>
      <subfield code="b">il. ; </subfield>
      <subfield code="a">xxviii, 692 p. : </subfield>
      <subfield code="b">il. ; </subfield>
      <subfield code="a">xxviii, 1026 p. : </subfield>
      <subfield code="b">il. ; </subfield>
      <subfield code="e">1 CD-ROM</subfield>
    </datafield>
    <datafield tag="500" ind1=" " ind2=" ">
      <subfield code="a">Contenido del CD-ROM: 800 preguntas para repasar los exámenes de certificación A+ y Server+, 15 actividades de laboratorio interactivas, 14 PhotoZooms de alta resolución y 28 vídeos que explican la instalación de hardware y software (en inglés)</subfield>
    </datafield>
    <datafield tag="650" ind1=" " ind2=" ">
      <subfield code="a"> INFORMATICA  COMPUTADORA</subfield>
    </datafield>
    <datafield tag="650" ind1=" " ind2=" ">
      <subfield code="a"> TECNOLOGIA DE LA INFORMACION</subfield>
    </datafield>
    <datafield tag="650" ind1=" " ind2=" ">
      <subfield code="a"> SISTEMAS OPERATIVOS</subfield>
    </datafield>
    <datafield tag="650" ind1=" " ind2=" ">
      <subfield code="a"> HARDWARE</subfield>
    </datafield>
    <datafield tag="650" ind1=" " ind2=" ">
      <subfield code="a"> SOFTWARE</subfield>
    </datafield>
    <datafield tag="942" ind1=" " ind2=" ">
      <subfield code="c">BK</subfield>
    </datafield>
    <datafield tag="952" ind1=" " ind2=" ">
      <subfield code="a">BIB_RECT</subfield>
      <subfield code="b">BIB_UARG</subfield>
      <subfield code="d">2005-09-26</subfield>
      <subfield code="y">BK</subfield>
      <subfield code="p">05-29202</subfield>
      <subfield code="i">05-29202</subfield>
      <subfield code="g">115</subfield>
      <subfield code="o">004 C579h</subfield>
      <subfield code="e">SIUNPA</subfield>
      <subfield code="8">CG</subfield>
    </datafield>
    <datafield tag="952" ind1=" " ind2=" ">
      <subfield code="a">BIB_RECT</subfield>
      <subfield code="b">BIB_UARG</subfield>
      <subfield code="d">2005-09-26</subfield>
      <subfield code="y">BK</subfield>
      <subfield code="p">05-29203</subfield>
      <subfield code="i">05-29203</subfield>
      <subfield code="g">115</subfield>
      <subfield code="o">004 C579h</subfield>
      <subfield code="e">SIUNPA</subfield>
      <subfield code="8">CG</subfield>
    </datafield>
    <datafield tag="952" ind1=" " ind2=" ">
      <subfield code="a">BIB_RECT</subfield>
      <subfield code="b">BIB_UARG</subfield>
      <subfield code="d">2005-09-26</subfield>
      <subfield code="y">BK</subfield>
      <subfield code="p">05-29204</subfield>
      <subfield code="i">05-29204</subfield>
      <subfield code="g">115</subfield>
      <subfield code="o">004 C579h</subfield>
      <subfield code="e">SIUNPA</subfield>
      <subfield code="8">CG</subfield>
    </datafield>
  </record>