
  <record>
    <leader>01000aam  22002601a 4500</leader>
    <controlfield tag="001">YPZ5492</controlfield>
    <controlfield tag="003">YPZ</controlfield>
    <controlfield tag="005">200511281316550</controlfield>
    <controlfield tag="008">051128|###########||||||b||||||||||spa|d</controlfield>
    <datafield tag="020" ind1=" " ind2=" ">
      <subfield code="a">8433968777</subfield>
    </datafield>
    <datafield tag="040" ind1=" " ind2=" ">
      <subfield code="c">SIUNPA</subfield>
    </datafield>
    <datafield tag="041" ind1=" " ind2=" ">
      <subfield code="a">spa</subfield>
    </datafield>
    <datafield tag="044" ind1=" " ind2=" ">
      <subfield code="a">ES</subfield>
    </datafield>
    <datafield tag="080" ind1=" " ind2=" ">
      <subfield code="a">82.09 P631u</subfield>
    </datafield>
    <datafield tag="100" ind1=" " ind2=" ">
      <subfield code="a">Piglia, Ricardo.</subfield>
    </datafield>
    <datafield tag="245" ind1=" " ind2=" ">
      <subfield code="a">El último lector</subfield>
    </datafield>
    <datafield tag="250" ind1=" " ind2=" ">
      <subfield code="a">1a ed.</subfield>
    </datafield>
    <datafield tag="260" ind1=" " ind2=" ">
      <subfield code="a">Barcelona</subfield>
      <subfield code="b"> : Anagrama</subfield>
      <subfield code="c"> , 2005</subfield>
    </datafield>
    <datafield tag="440" ind1=" " ind2=" ">
      <subfield code="a">Agenda educativa</subfield>
      <subfield code="a">Enciclopedia semiológica</subfield>
      <subfield code="a">Schaum</subfield>
      <subfield code="a">Colección la cultura argentina</subfield>
      <subfield code="a">Ensayo / Edhasa</subfield>
      <subfield code="a">Antropología social / Eudeba</subfield>
      <subfield code="a">GG reprints</subfield>
      <subfield code="a">Serie Academia de Networking de Cisco</subfield>
      <subfield code="a">Ariel sociedad económica</subfield>
      <subfield code="a">Historia Argentina</subfield>
      <subfield code="a">Colección Memorias</subfield>
      <subfield code="a">Clásicos universales de los derechos humanos</subfield>
      <subfield code="a">Biblioteca del pensamiento socialista. Serie ensayos críticos</subfield>
      <subfield code="a">Heinz Werner lectures</subfield>
      <subfield code="a">Latin American histories</subfield>
      <subfield code="a">Vitral</subfield>
      <subfield code="a">Narrativas hispánicas</subfield>
      <subfield code="v">376</subfield>
    </datafield>
    <datafield tag="490" ind1=" " ind2=" ">
      <subfield code="a">Agenda educativa</subfield>
      <subfield code="a">Enciclopedia semiológica</subfield>
      <subfield code="a">Schaum</subfield>
      <subfield code="a">Colección la cultura argentina</subfield>
      <subfield code="a">Ensayo / Edhasa</subfield>
      <subfield code="a">Antropología social / Eudeba</subfield>
      <subfield code="a">GG reprints</subfield>
      <subfield code="a">Serie Academia de Networking de Cisco</subfield>
      <subfield code="a">Ariel sociedad económica</subfield>
      <subfield code="a">Historia Argentina</subfield>
      <subfield code="a">Colección Memorias</subfield>
      <subfield code="a">Clásicos universales de los derechos humanos</subfield>
      <subfield code="a">Biblioteca del pensamiento socialista. Serie ensayos críticos</subfield>
      <subfield code="a">Heinz Werner lectures</subfield>
      <subfield code="a">Latin American histories</subfield>
      <subfield code="a">Vitral</subfield>
      <subfield code="a">Narrativas hispánicas</subfield>
      <subfield code="v">376</subfield>
    </datafield>
    <datafield tag="650" ind1=" " ind2=" ">
      <subfield code="a"> LITERATURA</subfield>
    </datafield>
    <datafield tag="650" ind1=" " ind2=" ">
      <subfield code="a"> CRITICA LITERARIA</subfield>
    </datafield>
    <datafield tag="942" ind1=" " ind2=" ">
      <subfield code="c">BK</subfield>
    </datafield>
    <datafield tag="952" ind1=" " ind2=" ">
      <subfield code="a">BIB_RECT</subfield>
      <subfield code="b">BIB_UARG</subfield>
      <subfield code="d">2005-11-25</subfield>
      <subfield code="y">BK</subfield>
      <subfield code="p">05-29544</subfield>
      <subfield code="i">05-29544</subfield>
      <subfield code="g">0</subfield>
      <subfield code="o">82.09 P631u</subfield>
      <subfield code="e">Proyecto de investigación 29/A149</subfield>
      <subfield code="8">CG</subfield>
    </datafield>
  </record>