
  <record>
    <leader>01000aam  22002601a 4500</leader>
    <controlfield tag="001">YPZ5503</controlfield>
    <controlfield tag="003">YPZ</controlfield>
    <controlfield tag="005">200511301431430</controlfield>
    <controlfield tag="008">051130|###########||||||b||||||||||spa|d</controlfield>
    <datafield tag="020" ind1=" " ind2=" ">
      <subfield code="a">950845136X</subfield>
    </datafield>
    <datafield tag="040" ind1=" " ind2=" ">
      <subfield code="c">SIUNPA</subfield>
    </datafield>
    <datafield tag="041" ind1=" " ind2=" ">
      <subfield code="a">spa</subfield>
    </datafield>
    <datafield tag="044" ind1=" " ind2=" ">
      <subfield code="a">AR</subfield>
    </datafield>
    <datafield tag="080" ind1=" " ind2=" ">
      <subfield code="a">821.134.3(81).09</subfield>
    </datafield>
    <datafield tag="100" ind1=" " ind2=" ">
      <subfield code="a">Aguilar, Gonzalo.</subfield>
    </datafield>
    <datafield tag="245" ind1=" " ind2=" ">
      <subfield code="a">Poesía concreta brasileña</subfield>
      <subfield code="b"> : las vanguardias en la encrucijada modernista</subfield>
    </datafield>
    <datafield tag="250" ind1=" " ind2=" ">
      <subfield code="a">1a ed.</subfield>
    </datafield>
    <datafield tag="260" ind1=" " ind2=" ">
      <subfield code="a">Rosario</subfield>
      <subfield code="b"> : Beatriz Viterbo Editora</subfield>
      <subfield code="c"> , 2003</subfield>
    </datafield>
    <datafield tag="440" ind1=" " ind2=" ">
      <subfield code="a">Colección Instituto Nacional del Teatro</subfield>
      <subfield code="a">Sección de obras de historia</subfield>
      <subfield code="a">Historia y cultura</subfield>
      <subfield code="a">Colección tierra firme</subfield>
      <subfield code="a">Tiempos de cambio</subfield>
      <subfield code="a">Sección de obras de historia</subfield>
      <subfield code="a">Ensayos críticos</subfield>
      <subfield code="v">17</subfield>
    </datafield>
    <datafield tag="490" ind1=" " ind2=" ">
      <subfield code="a">Colección Instituto Nacional del Teatro</subfield>
      <subfield code="a">Sección de obras de historia</subfield>
      <subfield code="a">Historia y cultura</subfield>
      <subfield code="a">Colección tierra firme</subfield>
      <subfield code="a">Tiempos de cambio</subfield>
      <subfield code="a">Sección de obras de historia</subfield>
      <subfield code="a">Ensayos críticos</subfield>
      <subfield code="v">17</subfield>
    </datafield>
    <datafield tag="650" ind1=" " ind2=" ">
      <subfield code="a"> LITERATURA BRASILEÑA</subfield>
    </datafield>
    <datafield tag="650" ind1=" " ind2=" ">
      <subfield code="a"> POESIA</subfield>
    </datafield>
    <datafield tag="650" ind1=" " ind2=" ">
      <subfield code="a"> CRITICA LITERARIA</subfield>
    </datafield>
    <datafield tag="942" ind1=" " ind2=" ">
      <subfield code="c">BK</subfield>
    </datafield>
    <datafield tag="952" ind1=" " ind2=" ">
      <subfield code="a">BIB_RECT</subfield>
      <subfield code="b">BIB_UARG</subfield>
      <subfield code="d">2005-11-04</subfield>
      <subfield code="y">BK</subfield>
      <subfield code="p">05-29397</subfield>
      <subfield code="i">05-29397</subfield>
      <subfield code="g">33.54</subfield>
      <subfield code="o">821.134.3(81).09</subfield>
      <subfield code="e">SIUNPA</subfield>
      <subfield code="8">CG</subfield>
    </datafield>
  </record>