
  <record>
    <leader>01000aam  22002601a 4500</leader>
    <controlfield tag="001">YPZ5518</controlfield>
    <controlfield tag="003">YPZ</controlfield>
    <controlfield tag="005">200512020941410</controlfield>
    <controlfield tag="008">051202|###########||||||b||||||||||spa|d</controlfield>
    <datafield tag="020" ind1=" " ind2=" ">
      <subfield code="a">9505086822 (o.c.)</subfield>
    </datafield>
    <datafield tag="020" ind1=" " ind2=" ">
      <subfield code="a">9505086830 (t.1)</subfield>
    </datafield>
    <datafield tag="020" ind1=" " ind2=" ">
      <subfield code="a">9505086849 (t.2)</subfield>
    </datafield>
    <datafield tag="040" ind1=" " ind2=" ">
      <subfield code="c">SIUNPA</subfield>
    </datafield>
    <datafield tag="041" ind1=" " ind2=" ">
      <subfield code="a">spa</subfield>
    </datafield>
    <datafield tag="044" ind1=" " ind2=" ">
      <subfield code="a">AR</subfield>
    </datafield>
    <datafield tag="080" ind1=" " ind2=" ">
      <subfield code="a">347.741 F225c3</subfield>
    </datafield>
    <datafield tag="100" ind1=" " ind2=" ">
      <subfield code="a">Farina, Juan M..</subfield>
    </datafield>
    <datafield tag="245" ind1=" " ind2=" ">
      <subfield code="a">Contratos comerciales modernos</subfield>
      <subfield code="b"> : modalidades de contratación empresaria</subfield>
    </datafield>
    <datafield tag="250" ind1=" " ind2=" ">
      <subfield code="a">3a. ed. actualizada y ampliada</subfield>
    </datafield>
    <datafield tag="260" ind1=" " ind2=" ">
      <subfield code="a">Buenos Aires</subfield>
      <subfield code="b"> : Astrea</subfield>
      <subfield code="c"> , 2005</subfield>
    </datafield>
    <datafield tag="505" ind1=" " ind2=" ">
      <subfield code="a">Contiene: v. 1. Clásulas abusivas. Responsabilidad de productores y proveedores. Efectos de la publicidad. Tutela del consumidor y del usuario. Nuevos procedimientos y técnicas en la contratación. Maquila. Transporte. Negocios en participación. Agencia. Distribución. Concesión. Franchising. Suministro -- v. 2. Negocios fiduciarios. Leasing. Factoring. Proyect finance. Círculos de ahorro previo. Tarjeta de crédito. Caja de seguridad. Estimatorio. Derechos intelectuales. Viaje y turismo. Joint ventures. Publicitario. Club de campo. Barrio cerrado. Tiempo compartido. Superficie forestal</subfield>
    </datafield>
    <datafield tag="650" ind1=" " ind2=" ">
      <subfield code="a"> CONTRATOS</subfield>
    </datafield>
    <datafield tag="650" ind1=" " ind2=" ">
      <subfield code="a"> COMERCIO</subfield>
    </datafield>
    <datafield tag="650" ind1=" " ind2=" ">
      <subfield code="a"> DERECHO MERCANTIL</subfield>
    </datafield>
    <datafield tag="942" ind1=" " ind2=" ">
      <subfield code="c">BK</subfield>
    </datafield>
    <datafield tag="952" ind1=" " ind2=" ">
      <subfield code="a">BIB_RECT</subfield>
      <subfield code="b">BIB_UARG</subfield>
      <subfield code="d">2005-11-04</subfield>
      <subfield code="y">BK</subfield>
      <subfield code="p">05-29436</subfield>
      <subfield code="i">05-29436</subfield>
      <subfield code="g">124.6</subfield>
      <subfield code="o">347.741 F225c3</subfield>
      <subfield code="e">SIUNPA</subfield>
      <subfield code="8">CG</subfield>
    </datafield>
    <datafield tag="952" ind1=" " ind2=" ">
      <subfield code="a">BIB_RECT</subfield>
      <subfield code="b">BIB_UARG</subfield>
      <subfield code="d">2005-11-04</subfield>
      <subfield code="y">BK</subfield>
      <subfield code="p">05-29437</subfield>
      <subfield code="i">05-29437</subfield>
      <subfield code="g">124.6</subfield>
      <subfield code="o">347.741 F225c3</subfield>
      <subfield code="e">SIUNPA</subfield>
      <subfield code="8">CG</subfield>
    </datafield>
  </record>