
  <record>
    <leader>01000aam  22002601a 4500</leader>
    <controlfield tag="001">YPZ5557</controlfield>
    <controlfield tag="003">YPZ</controlfield>
    <controlfield tag="005">200512121255310</controlfield>
    <controlfield tag="008">051212|###########||||||b||||||||||spa|d</controlfield>
    <datafield tag="020" ind1=" " ind2=" ">
      <subfield code="a">8474328721</subfield>
    </datafield>
    <datafield tag="040" ind1=" " ind2=" ">
      <subfield code="c">SIUNPA</subfield>
    </datafield>
    <datafield tag="041" ind1=" " ind2=" ">
      <subfield code="a">spa</subfield>
    </datafield>
    <datafield tag="044" ind1=" " ind2=" ">
      <subfield code="a">ES</subfield>
    </datafield>
    <datafield tag="080" ind1=" " ind2=" ">
      <subfield code="a">159.955.2 R425r</subfield>
    </datafield>
    <datafield tag="245" ind1=" " ind2=" ">
      <subfield code="a">Representaciones sociales</subfield>
      <subfield code="b"> : problemas teóricos y conocimientos infantiles</subfield>
      <subfield code="c"> / Castorina, José Antonio, comp. ; Ruiz, Adelaida, tr.</subfield>
    </datafield>
    <datafield tag="250" ind1=" " ind2=" ">
      <subfield code="a">1a. ed.</subfield>
    </datafield>
    <datafield tag="260" ind1=" " ind2=" ">
      <subfield code="a">Barcelona</subfield>
      <subfield code="b"> : Gedisa</subfield>
      <subfield code="c"> , 2003</subfield>
    </datafield>
    <datafield tag="440" ind1=" " ind2=" ">
      <subfield code="a">Reflexión y debate</subfield>
      <subfield code="a">Retardo mental y educación especial</subfield>
      <subfield code="a">Serie siempre más</subfield>
      <subfield code="a">Serie siempre más</subfield>
      <subfield code="a">Aique polimodal</subfield>
      <subfield code="a">Colección desde Sudamérica</subfield>
      <subfield code="a">Reflexión y debate</subfield>
      <subfield code="a">Biblioteca de Educación. Psicología cognitiva, Cultura y Educación</subfield>
      <subfield code="v">4</subfield>
    </datafield>
    <datafield tag="490" ind1=" " ind2=" ">
      <subfield code="a">Reflexión y debate</subfield>
      <subfield code="a">Retardo mental y educación especial</subfield>
      <subfield code="a">Serie siempre más</subfield>
      <subfield code="a">Serie siempre más</subfield>
      <subfield code="a">Aique polimodal</subfield>
      <subfield code="a">Colección desde Sudamérica</subfield>
      <subfield code="a">Reflexión y debate</subfield>
      <subfield code="a">Biblioteca de Educación. Psicología cognitiva, Cultura y Educación</subfield>
      <subfield code="v">4</subfield>
    </datafield>
    <datafield tag="650" ind1=" " ind2=" ">
      <subfield code="a"> REPRESENTACION SOCIAL  DESARROLLO COGNITIVO</subfield>
    </datafield>
    <datafield tag="650" ind1=" " ind2=" ">
      <subfield code="a"> PROCESOS COGNITIVOS </subfield>
    </datafield>
    <datafield tag="650" ind1=" " ind2=" ">
      <subfield code="a"> PSICOGENESIS</subfield>
    </datafield>
    <datafield tag="650" ind1=" " ind2=" ">
      <subfield code="a"> FORMACION DE CONCEPTOS</subfield>
    </datafield>
    <datafield tag="650" ind1=" " ind2=" ">
      <subfield code="a"> CONSTRUCCION DE CONOCIMIENTOS</subfield>
    </datafield>
    <datafield tag="650" ind1=" " ind2=" ">
      <subfield code="a"> PSICOLOGIA DEL APRENDIZAJE</subfield>
    </datafield>
    <datafield tag="942" ind1=" " ind2=" ">
      <subfield code="c">BK</subfield>
    </datafield>
    <datafield tag="952" ind1=" " ind2=" ">
      <subfield code="a">BIB_RECT</subfield>
      <subfield code="b">BIB_UACO</subfield>
      <subfield code="d">2005-11-08</subfield>
      <subfield code="y">BK</subfield>
      <subfield code="p">02-29504</subfield>
      <subfield code="i">02-29504</subfield>
      <subfield code="g">24.94</subfield>
      <subfield code="o">159.955.2 R425r</subfield>
      <subfield code="e">SIUNPA</subfield>
      <subfield code="8">CG</subfield>
    </datafield>
    <datafield tag="952" ind1=" " ind2=" ">
      <subfield code="a">BIB_RECT</subfield>
      <subfield code="b">BIB_UACO</subfield>
      <subfield code="d">2005-11-08</subfield>
      <subfield code="y">BK</subfield>
      <subfield code="p">02-29505</subfield>
      <subfield code="i">02-29505</subfield>
      <subfield code="g">24.94</subfield>
      <subfield code="o">159.955.2 R425r</subfield>
      <subfield code="e">SIUNPA</subfield>
      <subfield code="8">CG</subfield>
    </datafield>
    <datafield tag="952" ind1=" " ind2=" ">
      <subfield code="a">BIB_RECT</subfield>
      <subfield code="b">BIB_UART</subfield>
      <subfield code="d">2007-03-02</subfield>
      <subfield code="y">BK</subfield>
      <subfield code="p">03-31240</subfield>
      <subfield code="i">03-31240</subfield>
      <subfield code="g">26</subfield>
      <subfield code="o">159.955.2 R425r</subfield>
      <subfield code="e">UART</subfield>
      <subfield code="8">CG</subfield>
    </datafield>
  </record>